title,description,breadcrumbs,price_raw,currency_raw,url,seller,availability,country
"Este sitio web utiliza cookies propias para optimizar la experiencia de nuestros clientes, analizar estadísticas de navegación del sitio y de terceros para brindar contenidos personalizados de acuerdo","Este sitio web utiliza cookies propias para optimizar la experiencia de nuestros clientes, analizar estadísticas de navegación del sitio y de terceros para brindar contenidos personalizados de acuerdo con sus preferencias. Al dar click en [Aceptar], autoriza el uso de cookies durante su navegación. Para más información, consulte nuestra Política de Cookies en el Aviso de Privacidad . Aceptar Supermercado Despensa Granos y semillas Arroz Schettino Verde 900g Schettino Arroz Schettino Verde 900g Arroz Schettino Verde 900g Referencia : 3008386 Información Arroz Grano Largo, color blanco libre de olore Las imágenes del producto son únicamente de referencia, el diseños de etiquetas y el contenido (ml, L, Kg, g, piezas, etc) pueden cambiar y/o variar sin previo aviso. Mostrar más Características Importantes Aporta energía Mejora la digestión Fuente de fribra Comparte Vendido y entregado por: Chedraui $19.80 $20.00 Agregar Descripción Especificaciones Arroz Grano Largo, color blanco libre de olore Productos relacionados Arroz Schettino Extra 900g Schettino $0.00 1 pz de 900g Combo Cantidad Máxima Equivale a ≈1 pza 3x2 Arroz Chedraui Grano Grueso 900g Chedraui $0.00 1 pieza de 900g Combo Cantidad Máxima Equivale a ≈1 pza 3x2 Arroz Don Generozo 900g Otras Marcas $0.00 1 pz de 900g Combo Cantidad Máxima Equivale a ≈1 pza 3x2 Arroz Sos Grano Grueso 907g SOS $0.00 Combo Cantidad Máxima Equivale a ≈1 pza 3x2 Arroz Verde Valle Sazonada 140g Verde Valle $0.00 Combo Cantidad Máxima Equivale a ≈1 pza 3x2 Arroz Verde Valle Grueso 750g Verde $0.00 1 pz de 750g Combo Cantidad Máxima Equivale a ≈1 pza 3x2 Arroz Verde Valle Impegable 750g Verde Valle $0.00 1 pieza de 750g Combo Cantidad Máxima Equivale a ≈1 pza 3x2 Arroz Verde Valle Super Extra 900g Verde Valle $0.00 1 pieza de 900g Combo Cantidad Máxima Equivale a ≈1 pza 3x2 Arroz Sos Grueso 900g SOS $0.00 900 g Combo Cantidad Máxima Equivale a ≈1 pza 3x2 Arroz Schettino Grano Largo 750g Schettino $0.00 750g Combo Cantidad Máxima Equiva",,1980,,,,unknown,
"Este sitio web utiliza cookies propias para optimizar la experiencia de nuestros clientes, analizar estadísticas de navegación del sitio y de terceros para brindar contenidos personalizados de acuerdo","Este sitio web utiliza cookies propias para optimizar la experiencia de nuestros clientes, analizar estadísticas de navegación del sitio y de terceros para brindar contenidos personalizados de acuerdo con sus preferencias. Al dar click en [Aceptar], autoriza el uso de cookies durante su navegación. Para más información, consulte nuestra Política de Cookies en el Aviso de Privacidad . Aceptar Supermercado Despensa Aceites y vinagres Aceite 123 Vegetal 123 1L 123 Aceite 123 Vegetal 123 1L Aceite 123 Vegetal 123 1L Referencia : 3009948 Información Aceite 123 Vegetal te ayuda a preparar tus alimentos de una manera más sana ya que por su origen vegetal no contiene colesterol, ademas intensifica el sabor de los ingredientes que uses al cocinar. Las imágenes del producto son únicamente de referencia, el diseño de etiquetas y el contenido (ml, L, Kg, g, piezas, etc) pueden cambiar y/o variar sin previo aviso. Mostrar más Características Importantes Vegetal Contiene vitamina E No contiene colesterol Antioxidante TBHQ Comparte Vendido y entregado por: Chedraui $37.00 Agregar Descripción Especificaciones Aceite Vegetal comestible 123,es elaborado por una empresa 100% mexicana, mezcla lo mejor de dos semillas Girasol y Canola, lo que hace que sus alimentos sean cocinados de una manera saludable , tambien se puede consumir como complemento en aderezos para ensaladas si asi lo prefieres. Productos relacionados Aceite 123 Vegetal 750g 123 $0.00 1 pz de 750g Combo Cantidad Máxima Equivale a ≈1 pza 3x2 Aceite Ave Vegetal 10L Ave $0.00 Combo Cantidad Máxima Equivale a ≈1 pza 3x2 Manteca Maravilla Vegetal 1kg Maravilla $0.00 1 pz de 1kg Combo Cantidad Máxima Equivale a ≈1 pza 3x2 Aceite First Street Vegetal 3.78 L First Street $0.00 1 pz de 3.78L Combo Cantidad Máxima Equivale a ≈1 pza 3x2 Aceite Comestible La Gloria 850ml La Gloria $0.00 Combo Cantidad Máxima Equivale a ≈1 pza 3x2 Manteca Inca 1Kg Inca $0.00 1 pieza de 1kg Combo Cantidad Máxima Equivale a ≈1 pza 3x2 Aceite Avocare 50",,3700,,,,unknown,
0,"0 BUSCAR PRODUCTOS Ingresa 0 $0 M.N Estás en: La Comer Coyoacán La Comer Tecnológico Toluca La Comer Altaria Aguascalientes La Comer Bosque Esmeralda La Comer Bosque Real La Comer CDMX Sur La Comer Cabo San Lucas La Comer Cascada Los Cabos La Comer Coyoacán La Comer Del Valle La Comer Diana Cuernavaca La Comer El Refugio Qro La Comer Estadio Qro La Comer Iguala La Comer Insurgentes La Comer Irapuato La Comer Iztapalapa Las Torres La Comer Juriquilla La Comer Lago Alberto La Comer Las Animas La Comer Lomas Anáhuac La Comer Manzanillo La Comer Morelia La Comer Nuevo Vallarta La Comer Olivar La Comer Pozuelos Guanajuato La Comer Puebla La Comer Pueblo Nuevo Qro La Comer San Juan del Río La Comer San Miguel de Allende La Comer Santa María La Ribera La Comer Tlalpan La Comer Torres de Satélite La Comer Tultitlán La Comer Uruapan La Comer Vallarta Fluvial La Comer Valle Dorado La Comer Villa Coapa La Comer Zaragoza Qro La Comer Álamos Parque Qro La Comer Coyoacán Dirección MIGUEL ANGEL DE QUEVEDO 443, ROMERO DE TERREROS, 4310 COYOACAN, MEXICO, CIUDAD DE MÉXICO ¡Deseo comprar aquí! Toggle navigation Departamentos Departamentos Sitios de Información Monedero Naranja En tu casa Plus La Comer Card Recetas Spooky Season Departamentos Sitios de Información Recetas Spooky Season Estas en: La Comer Coyoacán Inicio Huevo Blanco Huevo Blanco Bachoco 30 pza REGRESAR $92.50 M.N. pieza Piezas Agregar PRESENTACIÓN/ENVASE: CAJA Detalle Descripción del producto Huevo blanco 30 piezas. Inicia tu día con el sabor del huevo fresco Bachoco. Aplicación Ideales para acompañar tus comidas y preparar tus recetas favoritas Beneficios Huevo fresco de granja. Estuche abre facil x Promociones Cerrar Más información TAMBIÉN TE PUEDE INTERESAR Huevo blanco EL DORADO 30 PZA x $88.50 M.N. $81.50 M.N. x Piezas Piezas Agregar $88.50 M.N. $88.50 M.N. Huevo blanco SAN JUAN 30 PZA x $91.50 M.N. x Piezas Piezas Agregar $91.50 M.N. Huevo blanco AVICOLA TEHUACAN 30 PZA x $98.00 M.N. x Piezas Piezas Agregar $98.",,0,,,,unknown,
www.tottus.cl,www.tottus.cl Verificar que usted es un ser humano. Esto podría tardar algunos segundos. www.tottus.cl necesita revisar la seguridad de su conexión antes de continuar. Verificación exitosa Espere a www.tottus.cl para responder... Ray ID: 98a0bc872ae7fa30 Rendimiento y seguridad de Cloudflare,,,,,,unknown,
www.tottus.cl,www.tottus.cl Verificar que usted es un ser humano. Esto podría tardar algunos segundos. www.tottus.cl necesita revisar la seguridad de su conexión antes de continuar. Verificación exitosa Espere a www.tottus.cl para responder... Ray ID: 98a0bca64dcefa30 Rendimiento y seguridad de Cloudflare,,,,,,unknown,
www.tottus.cl,www.tottus.cl Verificar que usted es un ser humano. Esto podría tardar algunos segundos. www.tottus.cl necesita revisar la seguridad de su conexión antes de continuar. Verificación exitosa Espere a www.tottus.cl para responder... Ray ID: 98a0bcc01a6dfa30 Rendimiento y seguridad de Cloudflare,,,,,,unknown,
www.tottus.cl,www.tottus.cl Verificar que usted es un ser humano. Esto podría tardar algunos segundos. www.tottus.cl necesita revisar la seguridad de su conexión antes de continuar. Verificación exitosa Espere a www.tottus.cl para responder... Ray ID: 98a0bce19b1cfa30 Rendimiento y seguridad de Cloudflare,,,,,,unknown,
Aguarde...,"Aguarde... Política general sobre cookies Al hacer clic en “Aceptar”, usted acepta que las cookies se guarden en su dispositivo para mejorar la navegación del sitio, analizar el uso del mismo, y colaborar con nuestros estudios para marketing. También puede configurarlas. Políticas de Cookies Configuración de cookies Aceptar Centro de preferencia de la privacidad Cuando visita cualquier sitio web, el mismo podría obtener o guardar información en su navegador, generalmente mediante el uso de cookies. Esta información puede ser acerca de usted, sus preferencias o su dispositivo, y se usa principalmente para que el sitio funcione según lo esperado. Por lo general, la información no lo identifica directamente, pero puede proporcionarle una experiencia web más personalizada. Ya que respetamos su derecho a la privacidad, usted puede escoger no permitirnos usar ciertas cookies. Haga clic en los encabezados de cada categoría para saber más y cambiar nuestras configuraciones predeterminadas. Sin embargo, el bloqueo de algunos tipos de cookies puede afectar su experiencia en el sitio y los servicios que podemos ofrecer. Políticas de Cookies Gestionar las preferencias de consentimiento Cookies estrictamente necesarias Activas siempre Estas cookies son necesarias para que el sitio web funcione y no se pueden desactivar en nuestros sistemas. Usualmente están configuradas para responder a acciones hechas por usted para recibir servicios, tales como ajustar sus preferencias de privacidad, iniciar sesión en el sitio, o llenar formularios. Usted puede configurar su navegador para bloquear o alertar la presencia de esas cookies, pero algunas partes del sitio web no funcionarán. Estas cookies no guardan ninguna información personal identificable. Cookies de rendimiento Estas cookies nos permiten contar las visitas y fuentes de circulación para poder medir y mejorar el desempeño de nuestro sitio. Nos ayudan a saber qué páginas son las más o menos populares, y ver cuántas personas visita",,1692,,,,unknown,
Aguarde...,"Aguarde... Política general sobre cookies Al hacer clic en “Aceptar”, usted acepta que las cookies se guarden en su dispositivo para mejorar la navegación del sitio, analizar el uso del mismo, y colaborar con nuestros estudios para marketing. También puede configurarlas. Políticas de Cookies Configuración de cookies Aceptar Centro de preferencia de la privacidad Cuando visita cualquier sitio web, el mismo podría obtener o guardar información en su navegador, generalmente mediante el uso de cookies. Esta información puede ser acerca de usted, sus preferencias o su dispositivo, y se usa principalmente para que el sitio funcione según lo esperado. Por lo general, la información no lo identifica directamente, pero puede proporcionarle una experiencia web más personalizada. Ya que respetamos su derecho a la privacidad, usted puede escoger no permitirnos usar ciertas cookies. Haga clic en los encabezados de cada categoría para saber más y cambiar nuestras configuraciones predeterminadas. Sin embargo, el bloqueo de algunos tipos de cookies puede afectar su experiencia en el sitio y los servicios que podemos ofrecer. Políticas de Cookies Gestionar las preferencias de consentimiento Cookies estrictamente necesarias Activas siempre Estas cookies son necesarias para que el sitio web funcione y no se pueden desactivar en nuestros sistemas. Usualmente están configuradas para responder a acciones hechas por usted para recibir servicios, tales como ajustar sus preferencias de privacidad, iniciar sesión en el sitio, o llenar formularios. Usted puede configurar su navegador para bloquear o alertar la presencia de esas cookies, pero algunas partes del sitio web no funcionarán. Estas cookies no guardan ninguna información personal identificable. Cookies de rendimiento Estas cookies nos permiten contar las visitas y fuentes de circulación para poder medir y mejorar el desempeño de nuestro sitio. Nos ayudan a saber qué páginas son las más o menos populares, y ver cuántas personas visita",,1692,,,,unknown,
Aguarde...,"Aguarde... Política general sobre cookies Al hacer clic en “Aceptar”, usted acepta que las cookies se guarden en su dispositivo para mejorar la navegación del sitio, analizar el uso del mismo, y colaborar con nuestros estudios para marketing. También puede configurarlas. Políticas de Cookies Configuración de cookies Aceptar Centro de preferencia de la privacidad Cuando visita cualquier sitio web, el mismo podría obtener o guardar información en su navegador, generalmente mediante el uso de cookies. Esta información puede ser acerca de usted, sus preferencias o su dispositivo, y se usa principalmente para que el sitio funcione según lo esperado. Por lo general, la información no lo identifica directamente, pero puede proporcionarle una experiencia web más personalizada. Ya que respetamos su derecho a la privacidad, usted puede escoger no permitirnos usar ciertas cookies. Haga clic en los encabezados de cada categoría para saber más y cambiar nuestras configuraciones predeterminadas. Sin embargo, el bloqueo de algunos tipos de cookies puede afectar su experiencia en el sitio y los servicios que podemos ofrecer. Políticas de Cookies Gestionar las preferencias de consentimiento Cookies estrictamente necesarias Activas siempre Estas cookies son necesarias para que el sitio web funcione y no se pueden desactivar en nuestros sistemas. Usualmente están configuradas para responder a acciones hechas por usted para recibir servicios, tales como ajustar sus preferencias de privacidad, iniciar sesión en el sitio, o llenar formularios. Usted puede configurar su navegador para bloquear o alertar la presencia de esas cookies, pero algunas partes del sitio web no funcionarán. Estas cookies no guardan ninguna información personal identificable. Cookies de rendimiento Estas cookies nos permiten contar las visitas y fuentes de circulación para poder medir y mejorar el desempeño de nuestro sitio. Nos ayudan a saber qué páginas son las más o menos populares, y ver cuántas personas visita",,1692,,,,unknown,
Aguarde...,"Aguarde... Política general sobre cookies Al hacer clic en “Aceptar”, usted acepta que las cookies se guarden en su dispositivo para mejorar la navegación del sitio, analizar el uso del mismo, y colaborar con nuestros estudios para marketing. También puede configurarlas. Políticas de Cookies Configuración de cookies Aceptar Centro de preferencia de la privacidad Cuando visita cualquier sitio web, el mismo podría obtener o guardar información en su navegador, generalmente mediante el uso de cookies. Esta información puede ser acerca de usted, sus preferencias o su dispositivo, y se usa principalmente para que el sitio funcione según lo esperado. Por lo general, la información no lo identifica directamente, pero puede proporcionarle una experiencia web más personalizada. Ya que respetamos su derecho a la privacidad, usted puede escoger no permitirnos usar ciertas cookies. Haga clic en los encabezados de cada categoría para saber más y cambiar nuestras configuraciones predeterminadas. Sin embargo, el bloqueo de algunos tipos de cookies puede afectar su experiencia en el sitio y los servicios que podemos ofrecer. Políticas de Cookies Gestionar las preferencias de consentimiento Cookies estrictamente necesarias Activas siempre Estas cookies son necesarias para que el sitio web funcione y no se pueden desactivar en nuestros sistemas. Usualmente están configuradas para responder a acciones hechas por usted para recibir servicios, tales como ajustar sus preferencias de privacidad, iniciar sesión en el sitio, o llenar formularios. Usted puede configurar su navegador para bloquear o alertar la presencia de esas cookies, pero algunas partes del sitio web no funcionarán. Estas cookies no guardan ninguna información personal identificable. Cookies de rendimiento Estas cookies nos permiten contar las visitas y fuentes de circulación para poder medir y mejorar el desempeño de nuestro sitio. Nos ayudan a saber qué páginas son las más o menos populares, y ver cuántas personas visita",,1692,,,,unknown,
Aguarde...,"Aguarde... Política general sobre cookies Al hacer clic en “Aceptar”, usted acepta que las cookies se guarden en su dispositivo para mejorar la navegación del sitio, analizar el uso del mismo, y colaborar con nuestros estudios para marketing. También puede configurarlas. Políticas de Cookies Configuración de cookies Aceptar Centro de preferencia de la privacidad Cuando visita cualquier sitio web, el mismo podría obtener o guardar información en su navegador, generalmente mediante el uso de cookies. Esta información puede ser acerca de usted, sus preferencias o su dispositivo, y se usa principalmente para que el sitio funcione según lo esperado. Por lo general, la información no lo identifica directamente, pero puede proporcionarle una experiencia web más personalizada. Ya que respetamos su derecho a la privacidad, usted puede escoger no permitirnos usar ciertas cookies. Haga clic en los encabezados de cada categoría para saber más y cambiar nuestras configuraciones predeterminadas. Sin embargo, el bloqueo de algunos tipos de cookies puede afectar su experiencia en el sitio y los servicios que podemos ofrecer. Políticas de Cookies Gestionar las preferencias de consentimiento Cookies estrictamente necesarias Activas siempre Estas cookies son necesarias para que el sitio web funcione y no se pueden desactivar en nuestros sistemas. Usualmente están configuradas para responder a acciones hechas por usted para recibir servicios, tales como ajustar sus preferencias de privacidad, iniciar sesión en el sitio, o llenar formularios. Usted puede configurar su navegador para bloquear o alertar la presencia de esas cookies, pero algunas partes del sitio web no funcionarán. Estas cookies no guardan ninguna información personal identificable. Cookies de rendimiento Estas cookies nos permiten contar las visitas y fuentes de circulación para poder medir y mejorar el desempeño de nuestro sitio. Nos ayudan a saber qué páginas son las más o menos populares, y ver cuántas personas visita",,1692,,,,unknown,
Aguarde...,"Aguarde... Política general sobre cookies Al hacer clic en “Aceptar”, usted acepta que las cookies se guarden en su dispositivo para mejorar la navegación del sitio, analizar el uso del mismo, y colaborar con nuestros estudios para marketing. También puede configurarlas. Políticas de Cookies Configuración de cookies Aceptar Centro de preferencia de la privacidad Cuando visita cualquier sitio web, el mismo podría obtener o guardar información en su navegador, generalmente mediante el uso de cookies. Esta información puede ser acerca de usted, sus preferencias o su dispositivo, y se usa principalmente para que el sitio funcione según lo esperado. Por lo general, la información no lo identifica directamente, pero puede proporcionarle una experiencia web más personalizada. Ya que respetamos su derecho a la privacidad, usted puede escoger no permitirnos usar ciertas cookies. Haga clic en los encabezados de cada categoría para saber más y cambiar nuestras configuraciones predeterminadas. Sin embargo, el bloqueo de algunos tipos de cookies puede afectar su experiencia en el sitio y los servicios que podemos ofrecer. Políticas de Cookies Gestionar las preferencias de consentimiento Cookies estrictamente necesarias Activas siempre Estas cookies son necesarias para que el sitio web funcione y no se pueden desactivar en nuestros sistemas. Usualmente están configuradas para responder a acciones hechas por usted para recibir servicios, tales como ajustar sus preferencias de privacidad, iniciar sesión en el sitio, o llenar formularios. Usted puede configurar su navegador para bloquear o alertar la presencia de esas cookies, pero algunas partes del sitio web no funcionarán. Estas cookies no guardan ninguna información personal identificable. Cookies de rendimiento Estas cookies nos permiten contar las visitas y fuentes de circulación para poder medir y mejorar el desempeño de nuestro sitio. Nos ayudan a saber qué páginas son las más o menos populares, y ver cuántas personas visita",,1692,,,,unknown,
NaN,"NaN BUSCAR PRODUCTOS Ingresa $ M.N Estás en: La Comer Coyoacán La Comer Tecnológico Toluca La Comer Altaria Aguascalientes La Comer Bosque Esmeralda La Comer Bosque Real La Comer CDMX Sur La Comer Cabo San Lucas La Comer Cascada Los Cabos La Comer Coyoacán La Comer Del Valle La Comer Diana Cuernavaca La Comer El Refugio Qro La Comer Estadio Qro La Comer Iguala La Comer Insurgentes La Comer Irapuato La Comer Iztapalapa Las Torres La Comer Juriquilla La Comer Lago Alberto La Comer Las Animas La Comer Lomas Anáhuac La Comer Manzanillo La Comer Morelia La Comer Nuevo Vallarta La Comer Olivar La Comer Pozuelos Guanajuato La Comer Puebla La Comer Pueblo Nuevo Qro La Comer San Juan del Río La Comer San Miguel de Allende La Comer Santa María La Ribera La Comer Tlalpan La Comer Torres de Satélite La Comer Tultitlán La Comer Uruapan La Comer Vallarta Fluvial La Comer Valle Dorado La Comer Villa Coapa La Comer Zaragoza Qro La Comer Álamos Parque Qro Dirección , , , , ¡Deseo comprar aquí! Toggle navigation Departamentos Departamentos Sitios de Información Recetas Departamentos Sitios de Información Recetas Estas en: La Comer Coyoacán Inicio No se encuentra el producto en esta tienda REGRESAR Copyright © La Comer. Todos los derechos reservados. Bienvenidas las tarjetas: 24/04/2019 1.0 Al navegar en este sitio aceptas las cookies que utilizamos para mejorar tu experiencia. ACEPTO",,,,,,unknown,
Aguarde...,"Aguarde... Política general sobre cookies Al hacer clic en “Aceptar”, usted acepta que las cookies se guarden en su dispositivo para mejorar la navegación del sitio, analizar el uso del mismo, y colaborar con nuestros estudios para marketing. También puede configurarlas. Políticas de Cookies Configuración de cookies Aceptar Centro de preferencia de la privacidad Cuando visita cualquier sitio web, el mismo podría obtener o guardar información en su navegador, generalmente mediante el uso de cookies. Esta información puede ser acerca de usted, sus preferencias o su dispositivo, y se usa principalmente para que el sitio funcione según lo esperado. Por lo general, la información no lo identifica directamente, pero puede proporcionarle una experiencia web más personalizada. Ya que respetamos su derecho a la privacidad, usted puede escoger no permitirnos usar ciertas cookies. Haga clic en los encabezados de cada categoría para saber más y cambiar nuestras configuraciones predeterminadas. Sin embargo, el bloqueo de algunos tipos de cookies puede afectar su experiencia en el sitio y los servicios que podemos ofrecer. Políticas de Cookies Gestionar las preferencias de consentimiento Cookies estrictamente necesarias Activas siempre Estas cookies son necesarias para que el sitio web funcione y no se pueden desactivar en nuestros sistemas. Usualmente están configuradas para responder a acciones hechas por usted para recibir servicios, tales como ajustar sus preferencias de privacidad, iniciar sesión en el sitio, o llenar formularios. Usted puede configurar su navegador para bloquear o alertar la presencia de esas cookies, pero algunas partes del sitio web no funcionarán. Estas cookies no guardan ninguna información personal identificable. Cookies de rendimiento Estas cookies nos permiten contar las visitas y fuentes de circulación para poder medir y mejorar el desempeño de nuestro sitio. Nos ayudan a saber qué páginas son las más o menos populares, y ver cuántas personas visita",,1692,,,,unknown,
Aguarde...,"Aguarde... Seja Bem Vindo à Plaza Vea Ingresar Política general sobre cookies Al hacer clic en “Aceptar”, usted acepta que las cookies se guarden en su dispositivo para mejorar la navegación del sitio, analizar el uso del mismo, y colaborar con nuestros estudios para marketing. También puede configurarlas. Políticas de Cookies Configuración de cookies Aceptar Centro de preferencia de la privacidad Cuando visita cualquier sitio web, el mismo podría obtener o guardar información en su navegador, generalmente mediante el uso de cookies. Esta información puede ser acerca de usted, sus preferencias o su dispositivo, y se usa principalmente para que el sitio funcione según lo esperado. Por lo general, la información no lo identifica directamente, pero puede proporcionarle una experiencia web más personalizada. Ya que respetamos su derecho a la privacidad, usted puede escoger no permitirnos usar ciertas cookies. Haga clic en los encabezados de cada categoría para saber más y cambiar nuestras configuraciones predeterminadas. Sin embargo, el bloqueo de algunos tipos de cookies puede afectar su experiencia en el sitio y los servicios que podemos ofrecer. Políticas de Cookies Gestionar las preferencias de consentimiento Cookies estrictamente necesarias Activas siempre Estas cookies son necesarias para que el sitio web funcione y no se pueden desactivar en nuestros sistemas. Usualmente están configuradas para responder a acciones hechas por usted para recibir servicios, tales como ajustar sus preferencias de privacidad, iniciar sesión en el sitio, o llenar formularios. Usted puede configurar su navegador para bloquear o alertar la presencia de esas cookies, pero algunas partes del sitio web no funcionarán. Estas cookies no guardan ninguna información personal identificable. Cookies de rendimiento Estas cookies nos permiten contar las visitas y fuentes de circulación para poder medir y mejorar el desempeño de nuestro sitio. Nos ayudan a saber qué páginas son las más o menos popu",,,,,,unknown,
Aguarde...,"Aguarde... Política general sobre cookies Al hacer clic en “Aceptar”, usted acepta que las cookies se guarden en su dispositivo para mejorar la navegación del sitio, analizar el uso del mismo, y colaborar con nuestros estudios para marketing. También puede configurarlas. Políticas de Cookies Configuración de cookies Aceptar Centro de preferencia de la privacidad Cuando visita cualquier sitio web, el mismo podría obtener o guardar información en su navegador, generalmente mediante el uso de cookies. Esta información puede ser acerca de usted, sus preferencias o su dispositivo, y se usa principalmente para que el sitio funcione según lo esperado. Por lo general, la información no lo identifica directamente, pero puede proporcionarle una experiencia web más personalizada. Ya que respetamos su derecho a la privacidad, usted puede escoger no permitirnos usar ciertas cookies. Haga clic en los encabezados de cada categoría para saber más y cambiar nuestras configuraciones predeterminadas. Sin embargo, el bloqueo de algunos tipos de cookies puede afectar su experiencia en el sitio y los servicios que podemos ofrecer. Políticas de Cookies Gestionar las preferencias de consentimiento Cookies estrictamente necesarias Activas siempre Estas cookies son necesarias para que el sitio web funcione y no se pueden desactivar en nuestros sistemas. Usualmente están configuradas para responder a acciones hechas por usted para recibir servicios, tales como ajustar sus preferencias de privacidad, iniciar sesión en el sitio, o llenar formularios. Usted puede configurar su navegador para bloquear o alertar la presencia de esas cookies, pero algunas partes del sitio web no funcionarán. Estas cookies no guardan ninguna información personal identificable. Cookies de rendimiento Estas cookies nos permiten contar las visitas y fuentes de circulación para poder medir y mejorar el desempeño de nuestro sitio. Nos ayudan a saber qué páginas son las más o menos populares, y ver cuántas personas visita",,1692,,,,unknown,
Aguarde...,"Aguarde... Política general sobre cookies Al hacer clic en “Aceptar”, usted acepta que las cookies se guarden en su dispositivo para mejorar la navegación del sitio, analizar el uso del mismo, y colaborar con nuestros estudios para marketing. También puede configurarlas. Políticas de Cookies Configuración de cookies Aceptar Centro de preferencia de la privacidad Cuando visita cualquier sitio web, el mismo podría obtener o guardar información en su navegador, generalmente mediante el uso de cookies. Esta información puede ser acerca de usted, sus preferencias o su dispositivo, y se usa principalmente para que el sitio funcione según lo esperado. Por lo general, la información no lo identifica directamente, pero puede proporcionarle una experiencia web más personalizada. Ya que respetamos su derecho a la privacidad, usted puede escoger no permitirnos usar ciertas cookies. Haga clic en los encabezados de cada categoría para saber más y cambiar nuestras configuraciones predeterminadas. Sin embargo, el bloqueo de algunos tipos de cookies puede afectar su experiencia en el sitio y los servicios que podemos ofrecer. Políticas de Cookies Gestionar las preferencias de consentimiento Cookies estrictamente necesarias Activas siempre Estas cookies son necesarias para que el sitio web funcione y no se pueden desactivar en nuestros sistemas. Usualmente están configuradas para responder a acciones hechas por usted para recibir servicios, tales como ajustar sus preferencias de privacidad, iniciar sesión en el sitio, o llenar formularios. Usted puede configurar su navegador para bloquear o alertar la presencia de esas cookies, pero algunas partes del sitio web no funcionarán. Estas cookies no guardan ninguna información personal identificable. Cookies de rendimiento Estas cookies nos permiten contar las visitas y fuentes de circulación para poder medir y mejorar el desempeño de nuestro sitio. Nos ayudan a saber qué páginas son las más o menos populares, y ver cuántas personas visita",,4287,,,,unknown,
Aguarde...,"Aguarde... Política general sobre cookies Al hacer clic en “Aceptar”, usted acepta que las cookies se guarden en su dispositivo para mejorar la navegación del sitio, analizar el uso del mismo, y colaborar con nuestros estudios para marketing. También puede configurarlas. Políticas de Cookies Configuración de cookies Aceptar Centro de preferencia de la privacidad Cuando visita cualquier sitio web, el mismo podría obtener o guardar información en su navegador, generalmente mediante el uso de cookies. Esta información puede ser acerca de usted, sus preferencias o su dispositivo, y se usa principalmente para que el sitio funcione según lo esperado. Por lo general, la información no lo identifica directamente, pero puede proporcionarle una experiencia web más personalizada. Ya que respetamos su derecho a la privacidad, usted puede escoger no permitirnos usar ciertas cookies. Haga clic en los encabezados de cada categoría para saber más y cambiar nuestras configuraciones predeterminadas. Sin embargo, el bloqueo de algunos tipos de cookies puede afectar su experiencia en el sitio y los servicios que podemos ofrecer. Políticas de Cookies Gestionar las preferencias de consentimiento Cookies estrictamente necesarias Activas siempre Estas cookies son necesarias para que el sitio web funcione y no se pueden desactivar en nuestros sistemas. Usualmente están configuradas para responder a acciones hechas por usted para recibir servicios, tales como ajustar sus preferencias de privacidad, iniciar sesión en el sitio, o llenar formularios. Usted puede configurar su navegador para bloquear o alertar la presencia de esas cookies, pero algunas partes del sitio web no funcionarán. Estas cookies no guardan ninguna información personal identificable. Cookies de rendimiento Estas cookies nos permiten contar las visitas y fuentes de circulación para poder medir y mejorar el desempeño de nuestro sitio. Nos ayudan a saber qué páginas son las más o menos populares, y ver cuántas personas visita",,1692,,,,unknown,
Aguarde...,"Aguarde... Política general sobre cookies Al hacer clic en “Aceptar”, usted acepta que las cookies se guarden en su dispositivo para mejorar la navegación del sitio, analizar el uso del mismo, y colaborar con nuestros estudios para marketing. También puede configurarlas. Políticas de Cookies Configuración de cookies Aceptar Centro de preferencia de la privacidad Cuando visita cualquier sitio web, el mismo podría obtener o guardar información en su navegador, generalmente mediante el uso de cookies. Esta información puede ser acerca de usted, sus preferencias o su dispositivo, y se usa principalmente para que el sitio funcione según lo esperado. Por lo general, la información no lo identifica directamente, pero puede proporcionarle una experiencia web más personalizada. Ya que respetamos su derecho a la privacidad, usted puede escoger no permitirnos usar ciertas cookies. Haga clic en los encabezados de cada categoría para saber más y cambiar nuestras configuraciones predeterminadas. Sin embargo, el bloqueo de algunos tipos de cookies puede afectar su experiencia en el sitio y los servicios que podemos ofrecer. Políticas de Cookies Gestionar las preferencias de consentimiento Cookies estrictamente necesarias Activas siempre Estas cookies son necesarias para que el sitio web funcione y no se pueden desactivar en nuestros sistemas. Usualmente están configuradas para responder a acciones hechas por usted para recibir servicios, tales como ajustar sus preferencias de privacidad, iniciar sesión en el sitio, o llenar formularios. Usted puede configurar su navegador para bloquear o alertar la presencia de esas cookies, pero algunas partes del sitio web no funcionarán. Estas cookies no guardan ninguna información personal identificable. Cookies de rendimiento Estas cookies nos permiten contar las visitas y fuentes de circulación para poder medir y mejorar el desempeño de nuestro sitio. Nos ayudan a saber qué páginas son las más o menos populares, y ver cuántas personas visita",,1692,,,,unknown,
Aguarde...,"Aguarde... Política general sobre cookies Al hacer clic en “Aceptar”, usted acepta que las cookies se guarden en su dispositivo para mejorar la navegación del sitio, analizar el uso del mismo, y colaborar con nuestros estudios para marketing. También puede configurarlas. Políticas de Cookies Configuración de cookies Aceptar Centro de preferencia de la privacidad Cuando visita cualquier sitio web, el mismo podría obtener o guardar información en su navegador, generalmente mediante el uso de cookies. Esta información puede ser acerca de usted, sus preferencias o su dispositivo, y se usa principalmente para que el sitio funcione según lo esperado. Por lo general, la información no lo identifica directamente, pero puede proporcionarle una experiencia web más personalizada. Ya que respetamos su derecho a la privacidad, usted puede escoger no permitirnos usar ciertas cookies. Haga clic en los encabezados de cada categoría para saber más y cambiar nuestras configuraciones predeterminadas. Sin embargo, el bloqueo de algunos tipos de cookies puede afectar su experiencia en el sitio y los servicios que podemos ofrecer. Políticas de Cookies Gestionar las preferencias de consentimiento Cookies estrictamente necesarias Activas siempre Estas cookies son necesarias para que el sitio web funcione y no se pueden desactivar en nuestros sistemas. Usualmente están configuradas para responder a acciones hechas por usted para recibir servicios, tales como ajustar sus preferencias de privacidad, iniciar sesión en el sitio, o llenar formularios. Usted puede configurar su navegador para bloquear o alertar la presencia de esas cookies, pero algunas partes del sitio web no funcionarán. Estas cookies no guardan ninguna información personal identificable. Cookies de rendimiento Estas cookies nos permiten contar las visitas y fuentes de circulación para poder medir y mejorar el desempeño de nuestro sitio. Nos ayudan a saber qué páginas son las más o menos populares, y ver cuántas personas visita",,1692,,,,unknown,
Aguarde...,"Aguarde... Política general sobre cookies Al hacer clic en “Aceptar”, usted acepta que las cookies se guarden en su dispositivo para mejorar la navegación del sitio, analizar el uso del mismo, y colaborar con nuestros estudios para marketing. También puede configurarlas. Políticas de Cookies Configuración de cookies Aceptar Centro de preferencia de la privacidad Cuando visita cualquier sitio web, el mismo podría obtener o guardar información en su navegador, generalmente mediante el uso de cookies. Esta información puede ser acerca de usted, sus preferencias o su dispositivo, y se usa principalmente para que el sitio funcione según lo esperado. Por lo general, la información no lo identifica directamente, pero puede proporcionarle una experiencia web más personalizada. Ya que respetamos su derecho a la privacidad, usted puede escoger no permitirnos usar ciertas cookies. Haga clic en los encabezados de cada categoría para saber más y cambiar nuestras configuraciones predeterminadas. Sin embargo, el bloqueo de algunos tipos de cookies puede afectar su experiencia en el sitio y los servicios que podemos ofrecer. Políticas de Cookies Gestionar las preferencias de consentimiento Cookies estrictamente necesarias Activas siempre Estas cookies son necesarias para que el sitio web funcione y no se pueden desactivar en nuestros sistemas. Usualmente están configuradas para responder a acciones hechas por usted para recibir servicios, tales como ajustar sus preferencias de privacidad, iniciar sesión en el sitio, o llenar formularios. Usted puede configurar su navegador para bloquear o alertar la presencia de esas cookies, pero algunas partes del sitio web no funcionarán. Estas cookies no guardan ninguna información personal identificable. Cookies de rendimiento Estas cookies nos permiten contar las visitas y fuentes de circulación para poder medir y mejorar el desempeño de nuestro sitio. Nos ayudan a saber qué páginas son las más o menos populares, y ver cuántas personas visita",,1692,,,,unknown,
Aguarde...,"Aguarde... Política general sobre cookies Al hacer clic en “Aceptar”, usted acepta que las cookies se guarden en su dispositivo para mejorar la navegación del sitio, analizar el uso del mismo, y colaborar con nuestros estudios para marketing. También puede configurarlas. Políticas de Cookies Configuración de cookies Aceptar Centro de preferencia de la privacidad Cuando visita cualquier sitio web, el mismo podría obtener o guardar información en su navegador, generalmente mediante el uso de cookies. Esta información puede ser acerca de usted, sus preferencias o su dispositivo, y se usa principalmente para que el sitio funcione según lo esperado. Por lo general, la información no lo identifica directamente, pero puede proporcionarle una experiencia web más personalizada. Ya que respetamos su derecho a la privacidad, usted puede escoger no permitirnos usar ciertas cookies. Haga clic en los encabezados de cada categoría para saber más y cambiar nuestras configuraciones predeterminadas. Sin embargo, el bloqueo de algunos tipos de cookies puede afectar su experiencia en el sitio y los servicios que podemos ofrecer. Políticas de Cookies Gestionar las preferencias de consentimiento Cookies estrictamente necesarias Activas siempre Estas cookies son necesarias para que el sitio web funcione y no se pueden desactivar en nuestros sistemas. Usualmente están configuradas para responder a acciones hechas por usted para recibir servicios, tales como ajustar sus preferencias de privacidad, iniciar sesión en el sitio, o llenar formularios. Usted puede configurar su navegador para bloquear o alertar la presencia de esas cookies, pero algunas partes del sitio web no funcionarán. Estas cookies no guardan ninguna información personal identificable. Cookies de rendimiento Estas cookies nos permiten contar las visitas y fuentes de circulación para poder medir y mejorar el desempeño de nuestro sitio. Nos ayudan a saber qué páginas son las más o menos populares, y ver cuántas personas visita",,1692,,,,unknown,
Aguarde...,"Aguarde... Política general sobre cookies Al hacer clic en “Aceptar”, usted acepta que las cookies se guarden en su dispositivo para mejorar la navegación del sitio, analizar el uso del mismo, y colaborar con nuestros estudios para marketing. También puede configurarlas. Políticas de Cookies Configuración de cookies Aceptar Centro de preferencia de la privacidad Cuando visita cualquier sitio web, el mismo podría obtener o guardar información en su navegador, generalmente mediante el uso de cookies. Esta información puede ser acerca de usted, sus preferencias o su dispositivo, y se usa principalmente para que el sitio funcione según lo esperado. Por lo general, la información no lo identifica directamente, pero puede proporcionarle una experiencia web más personalizada. Ya que respetamos su derecho a la privacidad, usted puede escoger no permitirnos usar ciertas cookies. Haga clic en los encabezados de cada categoría para saber más y cambiar nuestras configuraciones predeterminadas. Sin embargo, el bloqueo de algunos tipos de cookies puede afectar su experiencia en el sitio y los servicios que podemos ofrecer. Políticas de Cookies Gestionar las preferencias de consentimiento Cookies estrictamente necesarias Activas siempre Estas cookies son necesarias para que el sitio web funcione y no se pueden desactivar en nuestros sistemas. Usualmente están configuradas para responder a acciones hechas por usted para recibir servicios, tales como ajustar sus preferencias de privacidad, iniciar sesión en el sitio, o llenar formularios. Usted puede configurar su navegador para bloquear o alertar la presencia de esas cookies, pero algunas partes del sitio web no funcionarán. Estas cookies no guardan ninguna información personal identificable. Cookies de rendimiento Estas cookies nos permiten contar las visitas y fuentes de circulación para poder medir y mejorar el desempeño de nuestro sitio. Nos ayudan a saber qué páginas son las más o menos populares, y ver cuántas personas visita",,1692,,,,unknown,
0,"0 BUSCAR PRODUCTOS Ingresa 0 $0 M.N Estás en: La Comer Coyoacán La Comer Tecnológico Toluca La Comer Altaria Aguascalientes La Comer Bosque Esmeralda La Comer Bosque Real La Comer CDMX Sur La Comer Cabo San Lucas La Comer Cascada Los Cabos La Comer Coyoacán La Comer Del Valle La Comer Diana Cuernavaca La Comer El Refugio Qro La Comer Estadio Qro La Comer Iguala La Comer Insurgentes La Comer Irapuato La Comer Iztapalapa Las Torres La Comer Juriquilla La Comer Lago Alberto La Comer Las Animas La Comer Lomas Anáhuac La Comer Manzanillo La Comer Morelia La Comer Nuevo Vallarta La Comer Olivar La Comer Pozuelos Guanajuato La Comer Puebla La Comer Pueblo Nuevo Qro La Comer San Juan del Río La Comer San Miguel de Allende La Comer Santa María La Ribera La Comer Tlalpan La Comer Torres de Satélite La Comer Tultitlán La Comer Uruapan La Comer Vallarta Fluvial La Comer Valle Dorado La Comer Villa Coapa La Comer Zaragoza Qro La Comer Álamos Parque Qro La Comer Coyoacán Dirección MIGUEL ANGEL DE QUEVEDO 443, ROMERO DE TERREROS, 4310 COYOACAN, MEXICO, CIUDAD DE MÉXICO ¡Deseo comprar aquí! Toggle navigation Departamentos Departamentos Sitios de Información Monedero Naranja En tu casa Plus La Comer Card Recetas Spooky Season Departamentos Sitios de Información Recetas Spooky Season Estas en: La Comer Coyoacán Inicio No se encuentra el producto en esta tienda REGRESAR Copyright © La Comer. Todos los derechos reservados. Bienvenidas las tarjetas: 24/04/2019 1.0 Al navegar en este sitio aceptas las cookies que utilizamos para mejorar tu experiencia. ACEPTO",,0,,,,unknown,
Aguarde...,"Aguarde... Política general sobre cookies Al hacer clic en “Aceptar”, usted acepta que las cookies se guarden en su dispositivo para mejorar la navegación del sitio, analizar el uso del mismo, y colaborar con nuestros estudios para marketing. También puede configurarlas. Políticas de Cookies Configuración de cookies Aceptar Centro de preferencia de la privacidad Cuando visita cualquier sitio web, el mismo podría obtener o guardar información en su navegador, generalmente mediante el uso de cookies. Esta información puede ser acerca de usted, sus preferencias o su dispositivo, y se usa principalmente para que el sitio funcione según lo esperado. Por lo general, la información no lo identifica directamente, pero puede proporcionarle una experiencia web más personalizada. Ya que respetamos su derecho a la privacidad, usted puede escoger no permitirnos usar ciertas cookies. Haga clic en los encabezados de cada categoría para saber más y cambiar nuestras configuraciones predeterminadas. Sin embargo, el bloqueo de algunos tipos de cookies puede afectar su experiencia en el sitio y los servicios que podemos ofrecer. Políticas de Cookies Gestionar las preferencias de consentimiento Cookies estrictamente necesarias Activas siempre Estas cookies son necesarias para que el sitio web funcione y no se pueden desactivar en nuestros sistemas. Usualmente están configuradas para responder a acciones hechas por usted para recibir servicios, tales como ajustar sus preferencias de privacidad, iniciar sesión en el sitio, o llenar formularios. Usted puede configurar su navegador para bloquear o alertar la presencia de esas cookies, pero algunas partes del sitio web no funcionarán. Estas cookies no guardan ninguna información personal identificable. Cookies de rendimiento Estas cookies nos permiten contar las visitas y fuentes de circulación para poder medir y mejorar el desempeño de nuestro sitio. Nos ayudan a saber qué páginas son las más o menos populares, y ver cuántas personas visita",,1692,,,,unknown,
Aguarde...,"Aguarde... Política general sobre cookies Al hacer clic en “Aceptar”, usted acepta que las cookies se guarden en su dispositivo para mejorar la navegación del sitio, analizar el uso del mismo, y colaborar con nuestros estudios para marketing. También puede configurarlas. Políticas de Cookies Configuración de cookies Aceptar Centro de preferencia de la privacidad Cuando visita cualquier sitio web, el mismo podría obtener o guardar información en su navegador, generalmente mediante el uso de cookies. Esta información puede ser acerca de usted, sus preferencias o su dispositivo, y se usa principalmente para que el sitio funcione según lo esperado. Por lo general, la información no lo identifica directamente, pero puede proporcionarle una experiencia web más personalizada. Ya que respetamos su derecho a la privacidad, usted puede escoger no permitirnos usar ciertas cookies. Haga clic en los encabezados de cada categoría para saber más y cambiar nuestras configuraciones predeterminadas. Sin embargo, el bloqueo de algunos tipos de cookies puede afectar su experiencia en el sitio y los servicios que podemos ofrecer. Políticas de Cookies Gestionar las preferencias de consentimiento Cookies estrictamente necesarias Activas siempre Estas cookies son necesarias para que el sitio web funcione y no se pueden desactivar en nuestros sistemas. Usualmente están configuradas para responder a acciones hechas por usted para recibir servicios, tales como ajustar sus preferencias de privacidad, iniciar sesión en el sitio, o llenar formularios. Usted puede configurar su navegador para bloquear o alertar la presencia de esas cookies, pero algunas partes del sitio web no funcionarán. Estas cookies no guardan ninguna información personal identificable. Cookies de rendimiento Estas cookies nos permiten contar las visitas y fuentes de circulación para poder medir y mejorar el desempeño de nuestro sitio. Nos ayudan a saber qué páginas son las más o menos populares, y ver cuántas personas visita",,1692,,,,unknown,
Aguarde...,"Aguarde... Política general sobre cookies Al hacer clic en “Aceptar”, usted acepta que las cookies se guarden en su dispositivo para mejorar la navegación del sitio, analizar el uso del mismo, y colaborar con nuestros estudios para marketing. También puede configurarlas. Políticas de Cookies Configuración de cookies Aceptar Centro de preferencia de la privacidad Cuando visita cualquier sitio web, el mismo podría obtener o guardar información en su navegador, generalmente mediante el uso de cookies. Esta información puede ser acerca de usted, sus preferencias o su dispositivo, y se usa principalmente para que el sitio funcione según lo esperado. Por lo general, la información no lo identifica directamente, pero puede proporcionarle una experiencia web más personalizada. Ya que respetamos su derecho a la privacidad, usted puede escoger no permitirnos usar ciertas cookies. Haga clic en los encabezados de cada categoría para saber más y cambiar nuestras configuraciones predeterminadas. Sin embargo, el bloqueo de algunos tipos de cookies puede afectar su experiencia en el sitio y los servicios que podemos ofrecer. Políticas de Cookies Gestionar las preferencias de consentimiento Cookies estrictamente necesarias Activas siempre Estas cookies son necesarias para que el sitio web funcione y no se pueden desactivar en nuestros sistemas. Usualmente están configuradas para responder a acciones hechas por usted para recibir servicios, tales como ajustar sus preferencias de privacidad, iniciar sesión en el sitio, o llenar formularios. Usted puede configurar su navegador para bloquear o alertar la presencia de esas cookies, pero algunas partes del sitio web no funcionarán. Estas cookies no guardan ninguna información personal identificable. Cookies de rendimiento Estas cookies nos permiten contar las visitas y fuentes de circulación para poder medir y mejorar el desempeño de nuestro sitio. Nos ayudan a saber qué páginas son las más o menos populares, y ver cuántas personas visita",,1692,,,,unknown,
No se puede acceder a este sitio,No se puede acceder a este sitio Es posible que la página web en https://www.plazavea.com.pe/aceite-de-oliva-el-olivar-extra-virgen-botella-200ml/p no funcione temporalmente o se haya trasladado de manera permanente a una nueva dirección web. ERR_FAILED Es posible que la página web en https://www.plazavea.com.pe/aceite-de-oliva-el-olivar-extra-virgen-botella-200ml/p no funcione temporalmente o se haya trasladado de manera permanente a una nueva dirección web.,,,,,,unknown,
Aguarde...,"Aguarde... Seja Bem Vindo à Plaza Vea Ingresar Política general sobre cookies Al hacer clic en “Aceptar”, usted acepta que las cookies se guarden en su dispositivo para mejorar la navegación del sitio, analizar el uso del mismo, y colaborar con nuestros estudios para marketing. También puede configurarlas. Políticas de Cookies Configuración de cookies Aceptar Centro de preferencia de la privacidad Cuando visita cualquier sitio web, el mismo podría obtener o guardar información en su navegador, generalmente mediante el uso de cookies. Esta información puede ser acerca de usted, sus preferencias o su dispositivo, y se usa principalmente para que el sitio funcione según lo esperado. Por lo general, la información no lo identifica directamente, pero puede proporcionarle una experiencia web más personalizada. Ya que respetamos su derecho a la privacidad, usted puede escoger no permitirnos usar ciertas cookies. Haga clic en los encabezados de cada categoría para saber más y cambiar nuestras configuraciones predeterminadas. Sin embargo, el bloqueo de algunos tipos de cookies puede afectar su experiencia en el sitio y los servicios que podemos ofrecer. Políticas de Cookies Gestionar las preferencias de consentimiento Cookies estrictamente necesarias Activas siempre Estas cookies son necesarias para que el sitio web funcione y no se pueden desactivar en nuestros sistemas. Usualmente están configuradas para responder a acciones hechas por usted para recibir servicios, tales como ajustar sus preferencias de privacidad, iniciar sesión en el sitio, o llenar formularios. Usted puede configurar su navegador para bloquear o alertar la presencia de esas cookies, pero algunas partes del sitio web no funcionarán. Estas cookies no guardan ninguna información personal identificable. Cookies de rendimiento Estas cookies nos permiten contar las visitas y fuentes de circulación para poder medir y mejorar el desempeño de nuestro sitio. Nos ayudan a saber qué páginas son las más o menos popu",,,,,,unknown,
Aguarde...,"Aguarde... Política general sobre cookies Al hacer clic en “Aceptar”, usted acepta que las cookies se guarden en su dispositivo para mejorar la navegación del sitio, analizar el uso del mismo, y colaborar con nuestros estudios para marketing. También puede configurarlas. Políticas de Cookies Configuración de cookies Aceptar Centro de preferencia de la privacidad Cuando visita cualquier sitio web, el mismo podría obtener o guardar información en su navegador, generalmente mediante el uso de cookies. Esta información puede ser acerca de usted, sus preferencias o su dispositivo, y se usa principalmente para que el sitio funcione según lo esperado. Por lo general, la información no lo identifica directamente, pero puede proporcionarle una experiencia web más personalizada. Ya que respetamos su derecho a la privacidad, usted puede escoger no permitirnos usar ciertas cookies. Haga clic en los encabezados de cada categoría para saber más y cambiar nuestras configuraciones predeterminadas. Sin embargo, el bloqueo de algunos tipos de cookies puede afectar su experiencia en el sitio y los servicios que podemos ofrecer. Políticas de Cookies Gestionar las preferencias de consentimiento Cookies estrictamente necesarias Activas siempre Estas cookies son necesarias para que el sitio web funcione y no se pueden desactivar en nuestros sistemas. Usualmente están configuradas para responder a acciones hechas por usted para recibir servicios, tales como ajustar sus preferencias de privacidad, iniciar sesión en el sitio, o llenar formularios. Usted puede configurar su navegador para bloquear o alertar la presencia de esas cookies, pero algunas partes del sitio web no funcionarán. Estas cookies no guardan ninguna información personal identificable. Cookies de rendimiento Estas cookies nos permiten contar las visitas y fuentes de circulación para poder medir y mejorar el desempeño de nuestro sitio. Nos ayudan a saber qué páginas son las más o menos populares, y ver cuántas personas visita",,1692,,,,unknown,
Aguarde...,"Aguarde... Política general sobre cookies Al hacer clic en “Aceptar”, usted acepta que las cookies se guarden en su dispositivo para mejorar la navegación del sitio, analizar el uso del mismo, y colaborar con nuestros estudios para marketing. También puede configurarlas. Políticas de Cookies Configuración de cookies Aceptar Centro de preferencia de la privacidad Cuando visita cualquier sitio web, el mismo podría obtener o guardar información en su navegador, generalmente mediante el uso de cookies. Esta información puede ser acerca de usted, sus preferencias o su dispositivo, y se usa principalmente para que el sitio funcione según lo esperado. Por lo general, la información no lo identifica directamente, pero puede proporcionarle una experiencia web más personalizada. Ya que respetamos su derecho a la privacidad, usted puede escoger no permitirnos usar ciertas cookies. Haga clic en los encabezados de cada categoría para saber más y cambiar nuestras configuraciones predeterminadas. Sin embargo, el bloqueo de algunos tipos de cookies puede afectar su experiencia en el sitio y los servicios que podemos ofrecer. Políticas de Cookies Gestionar las preferencias de consentimiento Cookies estrictamente necesarias Activas siempre Estas cookies son necesarias para que el sitio web funcione y no se pueden desactivar en nuestros sistemas. Usualmente están configuradas para responder a acciones hechas por usted para recibir servicios, tales como ajustar sus preferencias de privacidad, iniciar sesión en el sitio, o llenar formularios. Usted puede configurar su navegador para bloquear o alertar la presencia de esas cookies, pero algunas partes del sitio web no funcionarán. Estas cookies no guardan ninguna información personal identificable. Cookies de rendimiento Estas cookies nos permiten contar las visitas y fuentes de circulación para poder medir y mejorar el desempeño de nuestro sitio. Nos ayudan a saber qué páginas son las más o menos populares, y ver cuántas personas visita",,1692,,,,unknown,
Aguarde...,"Aguarde... Seja Bem Vindo à Plaza Vea Ingresar Política general sobre cookies Al hacer clic en “Aceptar”, usted acepta que las cookies se guarden en su dispositivo para mejorar la navegación del sitio, analizar el uso del mismo, y colaborar con nuestros estudios para marketing. También puede configurarlas. Políticas de Cookies Configuración de cookies Aceptar Centro de preferencia de la privacidad Cuando visita cualquier sitio web, el mismo podría obtener o guardar información en su navegador, generalmente mediante el uso de cookies. Esta información puede ser acerca de usted, sus preferencias o su dispositivo, y se usa principalmente para que el sitio funcione según lo esperado. Por lo general, la información no lo identifica directamente, pero puede proporcionarle una experiencia web más personalizada. Ya que respetamos su derecho a la privacidad, usted puede escoger no permitirnos usar ciertas cookies. Haga clic en los encabezados de cada categoría para saber más y cambiar nuestras configuraciones predeterminadas. Sin embargo, el bloqueo de algunos tipos de cookies puede afectar su experiencia en el sitio y los servicios que podemos ofrecer. Políticas de Cookies Gestionar las preferencias de consentimiento Cookies estrictamente necesarias Activas siempre Estas cookies son necesarias para que el sitio web funcione y no se pueden desactivar en nuestros sistemas. Usualmente están configuradas para responder a acciones hechas por usted para recibir servicios, tales como ajustar sus preferencias de privacidad, iniciar sesión en el sitio, o llenar formularios. Usted puede configurar su navegador para bloquear o alertar la presencia de esas cookies, pero algunas partes del sitio web no funcionarán. Estas cookies no guardan ninguna información personal identificable. Cookies de rendimiento Estas cookies nos permiten contar las visitas y fuentes de circulación para poder medir y mejorar el desempeño de nuestro sitio. Nos ayudan a saber qué páginas son las más o menos popu",,,,,,unknown,
Aguarde...,"Aguarde... Política general sobre cookies Al hacer clic en “Aceptar”, usted acepta que las cookies se guarden en su dispositivo para mejorar la navegación del sitio, analizar el uso del mismo, y colaborar con nuestros estudios para marketing. También puede configurarlas. Políticas de Cookies Configuración de cookies Aceptar Centro de preferencia de la privacidad Cuando visita cualquier sitio web, el mismo podría obtener o guardar información en su navegador, generalmente mediante el uso de cookies. Esta información puede ser acerca de usted, sus preferencias o su dispositivo, y se usa principalmente para que el sitio funcione según lo esperado. Por lo general, la información no lo identifica directamente, pero puede proporcionarle una experiencia web más personalizada. Ya que respetamos su derecho a la privacidad, usted puede escoger no permitirnos usar ciertas cookies. Haga clic en los encabezados de cada categoría para saber más y cambiar nuestras configuraciones predeterminadas. Sin embargo, el bloqueo de algunos tipos de cookies puede afectar su experiencia en el sitio y los servicios que podemos ofrecer. Políticas de Cookies Gestionar las preferencias de consentimiento Cookies estrictamente necesarias Activas siempre Estas cookies son necesarias para que el sitio web funcione y no se pueden desactivar en nuestros sistemas. Usualmente están configuradas para responder a acciones hechas por usted para recibir servicios, tales como ajustar sus preferencias de privacidad, iniciar sesión en el sitio, o llenar formularios. Usted puede configurar su navegador para bloquear o alertar la presencia de esas cookies, pero algunas partes del sitio web no funcionarán. Estas cookies no guardan ninguna información personal identificable. Cookies de rendimiento Estas cookies nos permiten contar las visitas y fuentes de circulación para poder medir y mejorar el desempeño de nuestro sitio. Nos ayudan a saber qué páginas son las más o menos populares, y ver cuántas personas visita",,1692,,,,unknown,
Aguarde...,"Aguarde... Política general sobre cookies Al hacer clic en “Aceptar”, usted acepta que las cookies se guarden en su dispositivo para mejorar la navegación del sitio, analizar el uso del mismo, y colaborar con nuestros estudios para marketing. También puede configurarlas. Políticas de Cookies Configuración de cookies Aceptar Centro de preferencia de la privacidad Cuando visita cualquier sitio web, el mismo podría obtener o guardar información en su navegador, generalmente mediante el uso de cookies. Esta información puede ser acerca de usted, sus preferencias o su dispositivo, y se usa principalmente para que el sitio funcione según lo esperado. Por lo general, la información no lo identifica directamente, pero puede proporcionarle una experiencia web más personalizada. Ya que respetamos su derecho a la privacidad, usted puede escoger no permitirnos usar ciertas cookies. Haga clic en los encabezados de cada categoría para saber más y cambiar nuestras configuraciones predeterminadas. Sin embargo, el bloqueo de algunos tipos de cookies puede afectar su experiencia en el sitio y los servicios que podemos ofrecer. Políticas de Cookies Gestionar las preferencias de consentimiento Cookies estrictamente necesarias Activas siempre Estas cookies son necesarias para que el sitio web funcione y no se pueden desactivar en nuestros sistemas. Usualmente están configuradas para responder a acciones hechas por usted para recibir servicios, tales como ajustar sus preferencias de privacidad, iniciar sesión en el sitio, o llenar formularios. Usted puede configurar su navegador para bloquear o alertar la presencia de esas cookies, pero algunas partes del sitio web no funcionarán. Estas cookies no guardan ninguna información personal identificable. Cookies de rendimiento Estas cookies nos permiten contar las visitas y fuentes de circulación para poder medir y mejorar el desempeño de nuestro sitio. Nos ayudan a saber qué páginas son las más o menos populares, y ver cuántas personas visita",,1692,,,,unknown,
0,"0 BUSCAR PRODUCTOS Ingresa 0 $0 M.N Estás en: La Comer Coyoacán La Comer Tecnológico Toluca La Comer Altaria Aguascalientes La Comer Bosque Esmeralda La Comer Bosque Real La Comer CDMX Sur La Comer Cabo San Lucas La Comer Cascada Los Cabos La Comer Coyoacán La Comer Del Valle La Comer Diana Cuernavaca La Comer El Refugio Qro La Comer Estadio Qro La Comer Iguala La Comer Insurgentes La Comer Irapuato La Comer Iztapalapa Las Torres La Comer Juriquilla La Comer Lago Alberto La Comer Las Animas La Comer Lomas Anáhuac La Comer Manzanillo La Comer Morelia La Comer Nuevo Vallarta La Comer Olivar La Comer Pozuelos Guanajuato La Comer Puebla La Comer Pueblo Nuevo Qro La Comer San Juan del Río La Comer San Miguel de Allende La Comer Santa María La Ribera La Comer Tlalpan La Comer Torres de Satélite La Comer Tultitlán La Comer Uruapan La Comer Vallarta Fluvial La Comer Valle Dorado La Comer Villa Coapa La Comer Zaragoza Qro La Comer Álamos Parque Qro La Comer Coyoacán Dirección MIGUEL ANGEL DE QUEVEDO 443, ROMERO DE TERREROS, 4310 COYOACAN, MEXICO, CIUDAD DE MÉXICO ¡Deseo comprar aquí! Toggle navigation Departamentos Departamentos Sitios de Información Monedero Naranja En tu casa Plus La Comer Card Recetas Spooky Season Departamentos Sitios de Información Recetas Spooky Season Estas en: La Comer Coyoacán Inicio No se encuentra el producto en esta tienda REGRESAR Copyright © La Comer. Todos los derechos reservados. Bienvenidas las tarjetas: 24/04/2019 1.0 Al navegar en este sitio aceptas las cookies que utilizamos para mejorar tu experiencia. ACEPTO",,0,,,,unknown,
Aguarde...,"Aguarde... Política general sobre cookies Al hacer clic en “Aceptar”, usted acepta que las cookies se guarden en su dispositivo para mejorar la navegación del sitio, analizar el uso del mismo, y colaborar con nuestros estudios para marketing. También puede configurarlas. Políticas de Cookies Configuración de cookies Aceptar Centro de preferencia de la privacidad Cuando visita cualquier sitio web, el mismo podría obtener o guardar información en su navegador, generalmente mediante el uso de cookies. Esta información puede ser acerca de usted, sus preferencias o su dispositivo, y se usa principalmente para que el sitio funcione según lo esperado. Por lo general, la información no lo identifica directamente, pero puede proporcionarle una experiencia web más personalizada. Ya que respetamos su derecho a la privacidad, usted puede escoger no permitirnos usar ciertas cookies. Haga clic en los encabezados de cada categoría para saber más y cambiar nuestras configuraciones predeterminadas. Sin embargo, el bloqueo de algunos tipos de cookies puede afectar su experiencia en el sitio y los servicios que podemos ofrecer. Políticas de Cookies Gestionar las preferencias de consentimiento Cookies estrictamente necesarias Activas siempre Estas cookies son necesarias para que el sitio web funcione y no se pueden desactivar en nuestros sistemas. Usualmente están configuradas para responder a acciones hechas por usted para recibir servicios, tales como ajustar sus preferencias de privacidad, iniciar sesión en el sitio, o llenar formularios. Usted puede configurar su navegador para bloquear o alertar la presencia de esas cookies, pero algunas partes del sitio web no funcionarán. Estas cookies no guardan ninguna información personal identificable. Cookies de rendimiento Estas cookies nos permiten contar las visitas y fuentes de circulación para poder medir y mejorar el desempeño de nuestro sitio. Nos ayudan a saber qué páginas son las más o menos populares, y ver cuántas personas visita",,1692,,,,unknown,
Aguarde...,"Aguarde... Política general sobre cookies Al hacer clic en “Aceptar”, usted acepta que las cookies se guarden en su dispositivo para mejorar la navegación del sitio, analizar el uso del mismo, y colaborar con nuestros estudios para marketing. También puede configurarlas. Políticas de Cookies Configuración de cookies Aceptar Centro de preferencia de la privacidad Cuando visita cualquier sitio web, el mismo podría obtener o guardar información en su navegador, generalmente mediante el uso de cookies. Esta información puede ser acerca de usted, sus preferencias o su dispositivo, y se usa principalmente para que el sitio funcione según lo esperado. Por lo general, la información no lo identifica directamente, pero puede proporcionarle una experiencia web más personalizada. Ya que respetamos su derecho a la privacidad, usted puede escoger no permitirnos usar ciertas cookies. Haga clic en los encabezados de cada categoría para saber más y cambiar nuestras configuraciones predeterminadas. Sin embargo, el bloqueo de algunos tipos de cookies puede afectar su experiencia en el sitio y los servicios que podemos ofrecer. Políticas de Cookies Gestionar las preferencias de consentimiento Cookies estrictamente necesarias Activas siempre Estas cookies son necesarias para que el sitio web funcione y no se pueden desactivar en nuestros sistemas. Usualmente están configuradas para responder a acciones hechas por usted para recibir servicios, tales como ajustar sus preferencias de privacidad, iniciar sesión en el sitio, o llenar formularios. Usted puede configurar su navegador para bloquear o alertar la presencia de esas cookies, pero algunas partes del sitio web no funcionarán. Estas cookies no guardan ninguna información personal identificable. Cookies de rendimiento Estas cookies nos permiten contar las visitas y fuentes de circulación para poder medir y mejorar el desempeño de nuestro sitio. Nos ayudan a saber qué páginas son las más o menos populares, y ver cuántas personas visita",,1692,,,,unknown,
Aguarde...,"Aguarde... Política general sobre cookies Al hacer clic en “Aceptar”, usted acepta que las cookies se guarden en su dispositivo para mejorar la navegación del sitio, analizar el uso del mismo, y colaborar con nuestros estudios para marketing. También puede configurarlas. Políticas de Cookies Configuración de cookies Aceptar Centro de preferencia de la privacidad Cuando visita cualquier sitio web, el mismo podría obtener o guardar información en su navegador, generalmente mediante el uso de cookies. Esta información puede ser acerca de usted, sus preferencias o su dispositivo, y se usa principalmente para que el sitio funcione según lo esperado. Por lo general, la información no lo identifica directamente, pero puede proporcionarle una experiencia web más personalizada. Ya que respetamos su derecho a la privacidad, usted puede escoger no permitirnos usar ciertas cookies. Haga clic en los encabezados de cada categoría para saber más y cambiar nuestras configuraciones predeterminadas. Sin embargo, el bloqueo de algunos tipos de cookies puede afectar su experiencia en el sitio y los servicios que podemos ofrecer. Políticas de Cookies Gestionar las preferencias de consentimiento Cookies estrictamente necesarias Activas siempre Estas cookies son necesarias para que el sitio web funcione y no se pueden desactivar en nuestros sistemas. Usualmente están configuradas para responder a acciones hechas por usted para recibir servicios, tales como ajustar sus preferencias de privacidad, iniciar sesión en el sitio, o llenar formularios. Usted puede configurar su navegador para bloquear o alertar la presencia de esas cookies, pero algunas partes del sitio web no funcionarán. Estas cookies no guardan ninguna información personal identificable. Cookies de rendimiento Estas cookies nos permiten contar las visitas y fuentes de circulación para poder medir y mejorar el desempeño de nuestro sitio. Nos ayudan a saber qué páginas son las más o menos populares, y ver cuántas personas visita",,1692,,,,unknown,
Aguarde...,"Aguarde... Política general sobre cookies Al hacer clic en “Aceptar”, usted acepta que las cookies se guarden en su dispositivo para mejorar la navegación del sitio, analizar el uso del mismo, y colaborar con nuestros estudios para marketing. También puede configurarlas. Políticas de Cookies Configuración de cookies Aceptar Centro de preferencia de la privacidad Cuando visita cualquier sitio web, el mismo podría obtener o guardar información en su navegador, generalmente mediante el uso de cookies. Esta información puede ser acerca de usted, sus preferencias o su dispositivo, y se usa principalmente para que el sitio funcione según lo esperado. Por lo general, la información no lo identifica directamente, pero puede proporcionarle una experiencia web más personalizada. Ya que respetamos su derecho a la privacidad, usted puede escoger no permitirnos usar ciertas cookies. Haga clic en los encabezados de cada categoría para saber más y cambiar nuestras configuraciones predeterminadas. Sin embargo, el bloqueo de algunos tipos de cookies puede afectar su experiencia en el sitio y los servicios que podemos ofrecer. Políticas de Cookies Gestionar las preferencias de consentimiento Cookies estrictamente necesarias Activas siempre Estas cookies son necesarias para que el sitio web funcione y no se pueden desactivar en nuestros sistemas. Usualmente están configuradas para responder a acciones hechas por usted para recibir servicios, tales como ajustar sus preferencias de privacidad, iniciar sesión en el sitio, o llenar formularios. Usted puede configurar su navegador para bloquear o alertar la presencia de esas cookies, pero algunas partes del sitio web no funcionarán. Estas cookies no guardan ninguna información personal identificable. Cookies de rendimiento Estas cookies nos permiten contar las visitas y fuentes de circulación para poder medir y mejorar el desempeño de nuestro sitio. Nos ayudan a saber qué páginas son las más o menos populares, y ver cuántas personas visita",,1692,,,,unknown,
Aguarde...,"Aguarde... Política general sobre cookies Al hacer clic en “Aceptar”, usted acepta que las cookies se guarden en su dispositivo para mejorar la navegación del sitio, analizar el uso del mismo, y colaborar con nuestros estudios para marketing. También puede configurarlas. Políticas de Cookies Configuración de cookies Aceptar Centro de preferencia de la privacidad Cuando visita cualquier sitio web, el mismo podría obtener o guardar información en su navegador, generalmente mediante el uso de cookies. Esta información puede ser acerca de usted, sus preferencias o su dispositivo, y se usa principalmente para que el sitio funcione según lo esperado. Por lo general, la información no lo identifica directamente, pero puede proporcionarle una experiencia web más personalizada. Ya que respetamos su derecho a la privacidad, usted puede escoger no permitirnos usar ciertas cookies. Haga clic en los encabezados de cada categoría para saber más y cambiar nuestras configuraciones predeterminadas. Sin embargo, el bloqueo de algunos tipos de cookies puede afectar su experiencia en el sitio y los servicios que podemos ofrecer. Políticas de Cookies Gestionar las preferencias de consentimiento Cookies estrictamente necesarias Activas siempre Estas cookies son necesarias para que el sitio web funcione y no se pueden desactivar en nuestros sistemas. Usualmente están configuradas para responder a acciones hechas por usted para recibir servicios, tales como ajustar sus preferencias de privacidad, iniciar sesión en el sitio, o llenar formularios. Usted puede configurar su navegador para bloquear o alertar la presencia de esas cookies, pero algunas partes del sitio web no funcionarán. Estas cookies no guardan ninguna información personal identificable. Cookies de rendimiento Estas cookies nos permiten contar las visitas y fuentes de circulación para poder medir y mejorar el desempeño de nuestro sitio. Nos ayudan a saber qué páginas son las más o menos populares, y ver cuántas personas visita",,1692,,,,unknown,
Aguarde...,"Aguarde... Política general sobre cookies Al hacer clic en “Aceptar”, usted acepta que las cookies se guarden en su dispositivo para mejorar la navegación del sitio, analizar el uso del mismo, y colaborar con nuestros estudios para marketing. También puede configurarlas. Políticas de Cookies Configuración de cookies Aceptar Centro de preferencia de la privacidad Cuando visita cualquier sitio web, el mismo podría obtener o guardar información en su navegador, generalmente mediante el uso de cookies. Esta información puede ser acerca de usted, sus preferencias o su dispositivo, y se usa principalmente para que el sitio funcione según lo esperado. Por lo general, la información no lo identifica directamente, pero puede proporcionarle una experiencia web más personalizada. Ya que respetamos su derecho a la privacidad, usted puede escoger no permitirnos usar ciertas cookies. Haga clic en los encabezados de cada categoría para saber más y cambiar nuestras configuraciones predeterminadas. Sin embargo, el bloqueo de algunos tipos de cookies puede afectar su experiencia en el sitio y los servicios que podemos ofrecer. Políticas de Cookies Gestionar las preferencias de consentimiento Cookies estrictamente necesarias Activas siempre Estas cookies son necesarias para que el sitio web funcione y no se pueden desactivar en nuestros sistemas. Usualmente están configuradas para responder a acciones hechas por usted para recibir servicios, tales como ajustar sus preferencias de privacidad, iniciar sesión en el sitio, o llenar formularios. Usted puede configurar su navegador para bloquear o alertar la presencia de esas cookies, pero algunas partes del sitio web no funcionarán. Estas cookies no guardan ninguna información personal identificable. Cookies de rendimiento Estas cookies nos permiten contar las visitas y fuentes de circulación para poder medir y mejorar el desempeño de nuestro sitio. Nos ayudan a saber qué páginas son las más o menos populares, y ver cuántas personas visita",,1692,,,,unknown,
Aguarde...,"Aguarde... Seja Bem Vindo à Plaza Vea Ingresar Política general sobre cookies Al hacer clic en “Aceptar”, usted acepta que las cookies se guarden en su dispositivo para mejorar la navegación del sitio, analizar el uso del mismo, y colaborar con nuestros estudios para marketing. También puede configurarlas. Políticas de Cookies Configuración de cookies Aceptar Centro de preferencia de la privacidad Cuando visita cualquier sitio web, el mismo podría obtener o guardar información en su navegador, generalmente mediante el uso de cookies. Esta información puede ser acerca de usted, sus preferencias o su dispositivo, y se usa principalmente para que el sitio funcione según lo esperado. Por lo general, la información no lo identifica directamente, pero puede proporcionarle una experiencia web más personalizada. Ya que respetamos su derecho a la privacidad, usted puede escoger no permitirnos usar ciertas cookies. Haga clic en los encabezados de cada categoría para saber más y cambiar nuestras configuraciones predeterminadas. Sin embargo, el bloqueo de algunos tipos de cookies puede afectar su experiencia en el sitio y los servicios que podemos ofrecer. Políticas de Cookies Gestionar las preferencias de consentimiento Cookies estrictamente necesarias Activas siempre Estas cookies son necesarias para que el sitio web funcione y no se pueden desactivar en nuestros sistemas. Usualmente están configuradas para responder a acciones hechas por usted para recibir servicios, tales como ajustar sus preferencias de privacidad, iniciar sesión en el sitio, o llenar formularios. Usted puede configurar su navegador para bloquear o alertar la presencia de esas cookies, pero algunas partes del sitio web no funcionarán. Estas cookies no guardan ninguna información personal identificable. Cookies de rendimiento Estas cookies nos permiten contar las visitas y fuentes de circulación para poder medir y mejorar el desempeño de nuestro sitio. Nos ayudan a saber qué páginas son las más o menos popu",,,,,,unknown,
Aguarde...,"Aguarde... Política general sobre cookies Al hacer clic en “Aceptar”, usted acepta que las cookies se guarden en su dispositivo para mejorar la navegación del sitio, analizar el uso del mismo, y colaborar con nuestros estudios para marketing. También puede configurarlas. Políticas de Cookies Configuración de cookies Aceptar Centro de preferencia de la privacidad Cuando visita cualquier sitio web, el mismo podría obtener o guardar información en su navegador, generalmente mediante el uso de cookies. Esta información puede ser acerca de usted, sus preferencias o su dispositivo, y se usa principalmente para que el sitio funcione según lo esperado. Por lo general, la información no lo identifica directamente, pero puede proporcionarle una experiencia web más personalizada. Ya que respetamos su derecho a la privacidad, usted puede escoger no permitirnos usar ciertas cookies. Haga clic en los encabezados de cada categoría para saber más y cambiar nuestras configuraciones predeterminadas. Sin embargo, el bloqueo de algunos tipos de cookies puede afectar su experiencia en el sitio y los servicios que podemos ofrecer. Políticas de Cookies Gestionar las preferencias de consentimiento Cookies estrictamente necesarias Activas siempre Estas cookies son necesarias para que el sitio web funcione y no se pueden desactivar en nuestros sistemas. Usualmente están configuradas para responder a acciones hechas por usted para recibir servicios, tales como ajustar sus preferencias de privacidad, iniciar sesión en el sitio, o llenar formularios. Usted puede configurar su navegador para bloquear o alertar la presencia de esas cookies, pero algunas partes del sitio web no funcionarán. Estas cookies no guardan ninguna información personal identificable. Cookies de rendimiento Estas cookies nos permiten contar las visitas y fuentes de circulación para poder medir y mejorar el desempeño de nuestro sitio. Nos ayudan a saber qué páginas son las más o menos populares, y ver cuántas personas visita",,1692,,,,unknown,
Aguarde...,"Aguarde... Política general sobre cookies Al hacer clic en “Aceptar”, usted acepta que las cookies se guarden en su dispositivo para mejorar la navegación del sitio, analizar el uso del mismo, y colaborar con nuestros estudios para marketing. También puede configurarlas. Políticas de Cookies Configuración de cookies Aceptar Centro de preferencia de la privacidad Cuando visita cualquier sitio web, el mismo podría obtener o guardar información en su navegador, generalmente mediante el uso de cookies. Esta información puede ser acerca de usted, sus preferencias o su dispositivo, y se usa principalmente para que el sitio funcione según lo esperado. Por lo general, la información no lo identifica directamente, pero puede proporcionarle una experiencia web más personalizada. Ya que respetamos su derecho a la privacidad, usted puede escoger no permitirnos usar ciertas cookies. Haga clic en los encabezados de cada categoría para saber más y cambiar nuestras configuraciones predeterminadas. Sin embargo, el bloqueo de algunos tipos de cookies puede afectar su experiencia en el sitio y los servicios que podemos ofrecer. Políticas de Cookies Gestionar las preferencias de consentimiento Cookies estrictamente necesarias Activas siempre Estas cookies son necesarias para que el sitio web funcione y no se pueden desactivar en nuestros sistemas. Usualmente están configuradas para responder a acciones hechas por usted para recibir servicios, tales como ajustar sus preferencias de privacidad, iniciar sesión en el sitio, o llenar formularios. Usted puede configurar su navegador para bloquear o alertar la presencia de esas cookies, pero algunas partes del sitio web no funcionarán. Estas cookies no guardan ninguna información personal identificable. Cookies de rendimiento Estas cookies nos permiten contar las visitas y fuentes de circulación para poder medir y mejorar el desempeño de nuestro sitio. Nos ayudan a saber qué páginas son las más o menos populares, y ver cuántas personas visita",,1692,,,,unknown,
Aguarde...,"Aguarde... Política general sobre cookies Al hacer clic en “Aceptar”, usted acepta que las cookies se guarden en su dispositivo para mejorar la navegación del sitio, analizar el uso del mismo, y colaborar con nuestros estudios para marketing. También puede configurarlas. Políticas de Cookies Configuración de cookies Aceptar Centro de preferencia de la privacidad Cuando visita cualquier sitio web, el mismo podría obtener o guardar información en su navegador, generalmente mediante el uso de cookies. Esta información puede ser acerca de usted, sus preferencias o su dispositivo, y se usa principalmente para que el sitio funcione según lo esperado. Por lo general, la información no lo identifica directamente, pero puede proporcionarle una experiencia web más personalizada. Ya que respetamos su derecho a la privacidad, usted puede escoger no permitirnos usar ciertas cookies. Haga clic en los encabezados de cada categoría para saber más y cambiar nuestras configuraciones predeterminadas. Sin embargo, el bloqueo de algunos tipos de cookies puede afectar su experiencia en el sitio y los servicios que podemos ofrecer. Políticas de Cookies Gestionar las preferencias de consentimiento Cookies estrictamente necesarias Activas siempre Estas cookies son necesarias para que el sitio web funcione y no se pueden desactivar en nuestros sistemas. Usualmente están configuradas para responder a acciones hechas por usted para recibir servicios, tales como ajustar sus preferencias de privacidad, iniciar sesión en el sitio, o llenar formularios. Usted puede configurar su navegador para bloquear o alertar la presencia de esas cookies, pero algunas partes del sitio web no funcionarán. Estas cookies no guardan ninguna información personal identificable. Cookies de rendimiento Estas cookies nos permiten contar las visitas y fuentes de circulación para poder medir y mejorar el desempeño de nuestro sitio. Nos ayudan a saber qué páginas son las más o menos populares, y ver cuántas personas visita",,1692,,,,unknown,
0,"0 BUSCAR PRODUCTOS Ingresa 0 $0 M.N Estás en: La Comer Coyoacán La Comer Tecnológico Toluca La Comer Altaria Aguascalientes La Comer Bosque Esmeralda La Comer Bosque Real La Comer CDMX Sur La Comer Cabo San Lucas La Comer Cascada Los Cabos La Comer Coyoacán La Comer Del Valle La Comer Diana Cuernavaca La Comer El Refugio Qro La Comer Estadio Qro La Comer Iguala La Comer Insurgentes La Comer Irapuato La Comer Iztapalapa Las Torres La Comer Juriquilla La Comer Lago Alberto La Comer Las Animas La Comer Lomas Anáhuac La Comer Manzanillo La Comer Morelia La Comer Nuevo Vallarta La Comer Olivar La Comer Pozuelos Guanajuato La Comer Puebla La Comer Pueblo Nuevo Qro La Comer San Juan del Río La Comer San Miguel de Allende La Comer Santa María La Ribera La Comer Tlalpan La Comer Torres de Satélite La Comer Tultitlán La Comer Uruapan La Comer Vallarta Fluvial La Comer Valle Dorado La Comer Villa Coapa La Comer Zaragoza Qro La Comer Álamos Parque Qro La Comer Coyoacán Dirección MIGUEL ANGEL DE QUEVEDO 443, ROMERO DE TERREROS, 4310 COYOACAN, MEXICO, CIUDAD DE MÉXICO ¡Deseo comprar aquí! Toggle navigation Departamentos Departamentos Sitios de Información Monedero Naranja En tu casa Plus La Comer Card Recetas Spooky Season Departamentos Sitios de Información Recetas Spooky Season Estas en: La Comer Coyoacán Inicio Harina De Trigo Harina De Trigo San Blas Para Tortillas 1 kg REGRESAR $26.50 M.N. pieza Piezas Agregar x Promociones Cerrar Más información TAMBIÉN TE PUEDE INTERESAR Copyright © La Comer. Todos los derechos reservados. Bienvenidas las tarjetas: 24/04/2019 1.0 Al navegar en este sitio aceptas las cookies que utilizamos para mejorar tu experiencia. ACEPTO",,0,,,,unknown,
Aguarde...,"Aguarde... Política general sobre cookies Al hacer clic en “Aceptar”, usted acepta que las cookies se guarden en su dispositivo para mejorar la navegación del sitio, analizar el uso del mismo, y colaborar con nuestros estudios para marketing. También puede configurarlas. Políticas de Cookies Configuración de cookies Aceptar Centro de preferencia de la privacidad Cuando visita cualquier sitio web, el mismo podría obtener o guardar información en su navegador, generalmente mediante el uso de cookies. Esta información puede ser acerca de usted, sus preferencias o su dispositivo, y se usa principalmente para que el sitio funcione según lo esperado. Por lo general, la información no lo identifica directamente, pero puede proporcionarle una experiencia web más personalizada. Ya que respetamos su derecho a la privacidad, usted puede escoger no permitirnos usar ciertas cookies. Haga clic en los encabezados de cada categoría para saber más y cambiar nuestras configuraciones predeterminadas. Sin embargo, el bloqueo de algunos tipos de cookies puede afectar su experiencia en el sitio y los servicios que podemos ofrecer. Políticas de Cookies Gestionar las preferencias de consentimiento Cookies estrictamente necesarias Activas siempre Estas cookies son necesarias para que el sitio web funcione y no se pueden desactivar en nuestros sistemas. Usualmente están configuradas para responder a acciones hechas por usted para recibir servicios, tales como ajustar sus preferencias de privacidad, iniciar sesión en el sitio, o llenar formularios. Usted puede configurar su navegador para bloquear o alertar la presencia de esas cookies, pero algunas partes del sitio web no funcionarán. Estas cookies no guardan ninguna información personal identificable. Cookies de rendimiento Estas cookies nos permiten contar las visitas y fuentes de circulación para poder medir y mejorar el desempeño de nuestro sitio. Nos ayudan a saber qué páginas son las más o menos populares, y ver cuántas personas visita",,1692,,,,unknown,
Aguarde...,"Aguarde... Política general sobre cookies Al hacer clic en “Aceptar”, usted acepta que las cookies se guarden en su dispositivo para mejorar la navegación del sitio, analizar el uso del mismo, y colaborar con nuestros estudios para marketing. También puede configurarlas. Políticas de Cookies Configuración de cookies Aceptar Centro de preferencia de la privacidad Cuando visita cualquier sitio web, el mismo podría obtener o guardar información en su navegador, generalmente mediante el uso de cookies. Esta información puede ser acerca de usted, sus preferencias o su dispositivo, y se usa principalmente para que el sitio funcione según lo esperado. Por lo general, la información no lo identifica directamente, pero puede proporcionarle una experiencia web más personalizada. Ya que respetamos su derecho a la privacidad, usted puede escoger no permitirnos usar ciertas cookies. Haga clic en los encabezados de cada categoría para saber más y cambiar nuestras configuraciones predeterminadas. Sin embargo, el bloqueo de algunos tipos de cookies puede afectar su experiencia en el sitio y los servicios que podemos ofrecer. Políticas de Cookies Gestionar las preferencias de consentimiento Cookies estrictamente necesarias Activas siempre Estas cookies son necesarias para que el sitio web funcione y no se pueden desactivar en nuestros sistemas. Usualmente están configuradas para responder a acciones hechas por usted para recibir servicios, tales como ajustar sus preferencias de privacidad, iniciar sesión en el sitio, o llenar formularios. Usted puede configurar su navegador para bloquear o alertar la presencia de esas cookies, pero algunas partes del sitio web no funcionarán. Estas cookies no guardan ninguna información personal identificable. Cookies de rendimiento Estas cookies nos permiten contar las visitas y fuentes de circulación para poder medir y mejorar el desempeño de nuestro sitio. Nos ayudan a saber qué páginas son las más o menos populares, y ver cuántas personas visita",,1692,,,,unknown,
Aguarde...,"Aguarde... Política general sobre cookies Al hacer clic en “Aceptar”, usted acepta que las cookies se guarden en su dispositivo para mejorar la navegación del sitio, analizar el uso del mismo, y colaborar con nuestros estudios para marketing. También puede configurarlas. Políticas de Cookies Configuración de cookies Aceptar Centro de preferencia de la privacidad Cuando visita cualquier sitio web, el mismo podría obtener o guardar información en su navegador, generalmente mediante el uso de cookies. Esta información puede ser acerca de usted, sus preferencias o su dispositivo, y se usa principalmente para que el sitio funcione según lo esperado. Por lo general, la información no lo identifica directamente, pero puede proporcionarle una experiencia web más personalizada. Ya que respetamos su derecho a la privacidad, usted puede escoger no permitirnos usar ciertas cookies. Haga clic en los encabezados de cada categoría para saber más y cambiar nuestras configuraciones predeterminadas. Sin embargo, el bloqueo de algunos tipos de cookies puede afectar su experiencia en el sitio y los servicios que podemos ofrecer. Políticas de Cookies Gestionar las preferencias de consentimiento Cookies estrictamente necesarias Activas siempre Estas cookies son necesarias para que el sitio web funcione y no se pueden desactivar en nuestros sistemas. Usualmente están configuradas para responder a acciones hechas por usted para recibir servicios, tales como ajustar sus preferencias de privacidad, iniciar sesión en el sitio, o llenar formularios. Usted puede configurar su navegador para bloquear o alertar la presencia de esas cookies, pero algunas partes del sitio web no funcionarán. Estas cookies no guardan ninguna información personal identificable. Cookies de rendimiento Estas cookies nos permiten contar las visitas y fuentes de circulación para poder medir y mejorar el desempeño de nuestro sitio. Nos ayudan a saber qué páginas son las más o menos populares, y ver cuántas personas visita",,1692,,,,unknown,
Aguarde...,"Aguarde... Política general sobre cookies Al hacer clic en “Aceptar”, usted acepta que las cookies se guarden en su dispositivo para mejorar la navegación del sitio, analizar el uso del mismo, y colaborar con nuestros estudios para marketing. También puede configurarlas. Políticas de Cookies Configuración de cookies Aceptar Centro de preferencia de la privacidad Cuando visita cualquier sitio web, el mismo podría obtener o guardar información en su navegador, generalmente mediante el uso de cookies. Esta información puede ser acerca de usted, sus preferencias o su dispositivo, y se usa principalmente para que el sitio funcione según lo esperado. Por lo general, la información no lo identifica directamente, pero puede proporcionarle una experiencia web más personalizada. Ya que respetamos su derecho a la privacidad, usted puede escoger no permitirnos usar ciertas cookies. Haga clic en los encabezados de cada categoría para saber más y cambiar nuestras configuraciones predeterminadas. Sin embargo, el bloqueo de algunos tipos de cookies puede afectar su experiencia en el sitio y los servicios que podemos ofrecer. Políticas de Cookies Gestionar las preferencias de consentimiento Cookies estrictamente necesarias Activas siempre Estas cookies son necesarias para que el sitio web funcione y no se pueden desactivar en nuestros sistemas. Usualmente están configuradas para responder a acciones hechas por usted para recibir servicios, tales como ajustar sus preferencias de privacidad, iniciar sesión en el sitio, o llenar formularios. Usted puede configurar su navegador para bloquear o alertar la presencia de esas cookies, pero algunas partes del sitio web no funcionarán. Estas cookies no guardan ninguna información personal identificable. Cookies de rendimiento Estas cookies nos permiten contar las visitas y fuentes de circulación para poder medir y mejorar el desempeño de nuestro sitio. Nos ayudan a saber qué páginas son las más o menos populares, y ver cuántas personas visita",,1692,,,,unknown,
Aguarde...,"Aguarde... Política general sobre cookies Al hacer clic en “Aceptar”, usted acepta que las cookies se guarden en su dispositivo para mejorar la navegación del sitio, analizar el uso del mismo, y colaborar con nuestros estudios para marketing. También puede configurarlas. Políticas de Cookies Configuración de cookies Aceptar Centro de preferencia de la privacidad Cuando visita cualquier sitio web, el mismo podría obtener o guardar información en su navegador, generalmente mediante el uso de cookies. Esta información puede ser acerca de usted, sus preferencias o su dispositivo, y se usa principalmente para que el sitio funcione según lo esperado. Por lo general, la información no lo identifica directamente, pero puede proporcionarle una experiencia web más personalizada. Ya que respetamos su derecho a la privacidad, usted puede escoger no permitirnos usar ciertas cookies. Haga clic en los encabezados de cada categoría para saber más y cambiar nuestras configuraciones predeterminadas. Sin embargo, el bloqueo de algunos tipos de cookies puede afectar su experiencia en el sitio y los servicios que podemos ofrecer. Políticas de Cookies Gestionar las preferencias de consentimiento Cookies estrictamente necesarias Activas siempre Estas cookies son necesarias para que el sitio web funcione y no se pueden desactivar en nuestros sistemas. Usualmente están configuradas para responder a acciones hechas por usted para recibir servicios, tales como ajustar sus preferencias de privacidad, iniciar sesión en el sitio, o llenar formularios. Usted puede configurar su navegador para bloquear o alertar la presencia de esas cookies, pero algunas partes del sitio web no funcionarán. Estas cookies no guardan ninguna información personal identificable. Cookies de rendimiento Estas cookies nos permiten contar las visitas y fuentes de circulación para poder medir y mejorar el desempeño de nuestro sitio. Nos ayudan a saber qué páginas son las más o menos populares, y ver cuántas personas visita",,1692,,,,unknown,
Aguarde...,"Aguarde... Política general sobre cookies Al hacer clic en “Aceptar”, usted acepta que las cookies se guarden en su dispositivo para mejorar la navegación del sitio, analizar el uso del mismo, y colaborar con nuestros estudios para marketing. También puede configurarlas. Políticas de Cookies Configuración de cookies Aceptar Centro de preferencia de la privacidad Cuando visita cualquier sitio web, el mismo podría obtener o guardar información en su navegador, generalmente mediante el uso de cookies. Esta información puede ser acerca de usted, sus preferencias o su dispositivo, y se usa principalmente para que el sitio funcione según lo esperado. Por lo general, la información no lo identifica directamente, pero puede proporcionarle una experiencia web más personalizada. Ya que respetamos su derecho a la privacidad, usted puede escoger no permitirnos usar ciertas cookies. Haga clic en los encabezados de cada categoría para saber más y cambiar nuestras configuraciones predeterminadas. Sin embargo, el bloqueo de algunos tipos de cookies puede afectar su experiencia en el sitio y los servicios que podemos ofrecer. Políticas de Cookies Gestionar las preferencias de consentimiento Cookies estrictamente necesarias Activas siempre Estas cookies son necesarias para que el sitio web funcione y no se pueden desactivar en nuestros sistemas. Usualmente están configuradas para responder a acciones hechas por usted para recibir servicios, tales como ajustar sus preferencias de privacidad, iniciar sesión en el sitio, o llenar formularios. Usted puede configurar su navegador para bloquear o alertar la presencia de esas cookies, pero algunas partes del sitio web no funcionarán. Estas cookies no guardan ninguna información personal identificable. Cookies de rendimiento Estas cookies nos permiten contar las visitas y fuentes de circulación para poder medir y mejorar el desempeño de nuestro sitio. Nos ayudan a saber qué páginas son las más o menos populares, y ver cuántas personas visita",,1692,,,,unknown,
Aguarde...,"Aguarde... Política general sobre cookies Al hacer clic en “Aceptar”, usted acepta que las cookies se guarden en su dispositivo para mejorar la navegación del sitio, analizar el uso del mismo, y colaborar con nuestros estudios para marketing. También puede configurarlas. Políticas de Cookies Configuración de cookies Aceptar Centro de preferencia de la privacidad Cuando visita cualquier sitio web, el mismo podría obtener o guardar información en su navegador, generalmente mediante el uso de cookies. Esta información puede ser acerca de usted, sus preferencias o su dispositivo, y se usa principalmente para que el sitio funcione según lo esperado. Por lo general, la información no lo identifica directamente, pero puede proporcionarle una experiencia web más personalizada. Ya que respetamos su derecho a la privacidad, usted puede escoger no permitirnos usar ciertas cookies. Haga clic en los encabezados de cada categoría para saber más y cambiar nuestras configuraciones predeterminadas. Sin embargo, el bloqueo de algunos tipos de cookies puede afectar su experiencia en el sitio y los servicios que podemos ofrecer. Políticas de Cookies Gestionar las preferencias de consentimiento Cookies estrictamente necesarias Activas siempre Estas cookies son necesarias para que el sitio web funcione y no se pueden desactivar en nuestros sistemas. Usualmente están configuradas para responder a acciones hechas por usted para recibir servicios, tales como ajustar sus preferencias de privacidad, iniciar sesión en el sitio, o llenar formularios. Usted puede configurar su navegador para bloquear o alertar la presencia de esas cookies, pero algunas partes del sitio web no funcionarán. Estas cookies no guardan ninguna información personal identificable. Cookies de rendimiento Estas cookies nos permiten contar las visitas y fuentes de circulación para poder medir y mejorar el desempeño de nuestro sitio. Nos ayudan a saber qué páginas son las más o menos populares, y ver cuántas personas visita",,1692,,,,unknown,
Aguarde...,"Aguarde... Política general sobre cookies Al hacer clic en “Aceptar”, usted acepta que las cookies se guarden en su dispositivo para mejorar la navegación del sitio, analizar el uso del mismo, y colaborar con nuestros estudios para marketing. También puede configurarlas. Políticas de Cookies Configuración de cookies Aceptar Centro de preferencia de la privacidad Cuando visita cualquier sitio web, el mismo podría obtener o guardar información en su navegador, generalmente mediante el uso de cookies. Esta información puede ser acerca de usted, sus preferencias o su dispositivo, y se usa principalmente para que el sitio funcione según lo esperado. Por lo general, la información no lo identifica directamente, pero puede proporcionarle una experiencia web más personalizada. Ya que respetamos su derecho a la privacidad, usted puede escoger no permitirnos usar ciertas cookies. Haga clic en los encabezados de cada categoría para saber más y cambiar nuestras configuraciones predeterminadas. Sin embargo, el bloqueo de algunos tipos de cookies puede afectar su experiencia en el sitio y los servicios que podemos ofrecer. Políticas de Cookies Gestionar las preferencias de consentimiento Cookies estrictamente necesarias Activas siempre Estas cookies son necesarias para que el sitio web funcione y no se pueden desactivar en nuestros sistemas. Usualmente están configuradas para responder a acciones hechas por usted para recibir servicios, tales como ajustar sus preferencias de privacidad, iniciar sesión en el sitio, o llenar formularios. Usted puede configurar su navegador para bloquear o alertar la presencia de esas cookies, pero algunas partes del sitio web no funcionarán. Estas cookies no guardan ninguna información personal identificable. Cookies de rendimiento Estas cookies nos permiten contar las visitas y fuentes de circulación para poder medir y mejorar el desempeño de nuestro sitio. Nos ayudan a saber qué páginas son las más o menos populares, y ver cuántas personas visita",,1692,,,,unknown,
Aguarde...,"Aguarde... Política general sobre cookies Al hacer clic en “Aceptar”, usted acepta que las cookies se guarden en su dispositivo para mejorar la navegación del sitio, analizar el uso del mismo, y colaborar con nuestros estudios para marketing. También puede configurarlas. Políticas de Cookies Configuración de cookies Aceptar Centro de preferencia de la privacidad Cuando visita cualquier sitio web, el mismo podría obtener o guardar información en su navegador, generalmente mediante el uso de cookies. Esta información puede ser acerca de usted, sus preferencias o su dispositivo, y se usa principalmente para que el sitio funcione según lo esperado. Por lo general, la información no lo identifica directamente, pero puede proporcionarle una experiencia web más personalizada. Ya que respetamos su derecho a la privacidad, usted puede escoger no permitirnos usar ciertas cookies. Haga clic en los encabezados de cada categoría para saber más y cambiar nuestras configuraciones predeterminadas. Sin embargo, el bloqueo de algunos tipos de cookies puede afectar su experiencia en el sitio y los servicios que podemos ofrecer. Políticas de Cookies Gestionar las preferencias de consentimiento Cookies estrictamente necesarias Activas siempre Estas cookies son necesarias para que el sitio web funcione y no se pueden desactivar en nuestros sistemas. Usualmente están configuradas para responder a acciones hechas por usted para recibir servicios, tales como ajustar sus preferencias de privacidad, iniciar sesión en el sitio, o llenar formularios. Usted puede configurar su navegador para bloquear o alertar la presencia de esas cookies, pero algunas partes del sitio web no funcionarán. Estas cookies no guardan ninguna información personal identificable. Cookies de rendimiento Estas cookies nos permiten contar las visitas y fuentes de circulación para poder medir y mejorar el desempeño de nuestro sitio. Nos ayudan a saber qué páginas son las más o menos populares, y ver cuántas personas visita",,1692,,,,unknown,
Aguarde...,"Aguarde... Política general sobre cookies Al hacer clic en “Aceptar”, usted acepta que las cookies se guarden en su dispositivo para mejorar la navegación del sitio, analizar el uso del mismo, y colaborar con nuestros estudios para marketing. También puede configurarlas. Políticas de Cookies Configuración de cookies Aceptar Centro de preferencia de la privacidad Cuando visita cualquier sitio web, el mismo podría obtener o guardar información en su navegador, generalmente mediante el uso de cookies. Esta información puede ser acerca de usted, sus preferencias o su dispositivo, y se usa principalmente para que el sitio funcione según lo esperado. Por lo general, la información no lo identifica directamente, pero puede proporcionarle una experiencia web más personalizada. Ya que respetamos su derecho a la privacidad, usted puede escoger no permitirnos usar ciertas cookies. Haga clic en los encabezados de cada categoría para saber más y cambiar nuestras configuraciones predeterminadas. Sin embargo, el bloqueo de algunos tipos de cookies puede afectar su experiencia en el sitio y los servicios que podemos ofrecer. Políticas de Cookies Gestionar las preferencias de consentimiento Cookies estrictamente necesarias Activas siempre Estas cookies son necesarias para que el sitio web funcione y no se pueden desactivar en nuestros sistemas. Usualmente están configuradas para responder a acciones hechas por usted para recibir servicios, tales como ajustar sus preferencias de privacidad, iniciar sesión en el sitio, o llenar formularios. Usted puede configurar su navegador para bloquear o alertar la presencia de esas cookies, pero algunas partes del sitio web no funcionarán. Estas cookies no guardan ninguna información personal identificable. Cookies de rendimiento Estas cookies nos permiten contar las visitas y fuentes de circulación para poder medir y mejorar el desempeño de nuestro sitio. Nos ayudan a saber qué páginas son las más o menos populares, y ver cuántas personas visita",,1692,,,,unknown,
0,"0 BUSCAR PRODUCTOS Ingresa 0 $0 M.N Estás en: La Comer Coyoacán La Comer Tecnológico Toluca La Comer Altaria Aguascalientes La Comer Bosque Esmeralda La Comer Bosque Real La Comer CDMX Sur La Comer Cabo San Lucas La Comer Cascada Los Cabos La Comer Coyoacán La Comer Del Valle La Comer Diana Cuernavaca La Comer El Refugio Qro La Comer Estadio Qro La Comer Iguala La Comer Insurgentes La Comer Irapuato La Comer Iztapalapa Las Torres La Comer Juriquilla La Comer Lago Alberto La Comer Las Animas La Comer Lomas Anáhuac La Comer Manzanillo La Comer Morelia La Comer Nuevo Vallarta La Comer Olivar La Comer Pozuelos Guanajuato La Comer Puebla La Comer Pueblo Nuevo Qro La Comer San Juan del Río La Comer San Miguel de Allende La Comer Santa María La Ribera La Comer Tlalpan La Comer Torres de Satélite La Comer Tultitlán La Comer Uruapan La Comer Vallarta Fluvial La Comer Valle Dorado La Comer Villa Coapa La Comer Zaragoza Qro La Comer Álamos Parque Qro La Comer Coyoacán Dirección MIGUEL ANGEL DE QUEVEDO 443, ROMERO DE TERREROS, 4310 COYOACAN, MEXICO, CIUDAD DE MÉXICO ¡Deseo comprar aquí! Toggle navigation Departamentos Departamentos Sitios de Información Monedero Naranja En tu casa Plus La Comer Card Recetas Spooky Season Departamentos Sitios de Información Recetas Spooky Season Estas en: La Comer Coyoacán Inicio Harina De Trigo Harina De Trigo Selecta Para Tortillas 1 kg REGRESAR $32.00 M.N. pieza Piezas Agregar x Promociones Cerrar Más información TAMBIÉN TE PUEDE INTERESAR Harina de trigo SELECTA EXTRA FINA 1 KG. x $20.00 M.N. x Piezas Piezas Agregar $18.00 M.N. Harina de trigo integral TRES ESTRELLAS 1 KG. x $28.90 M.N. x Piezas Piezas Agregar $28.90 M.N. Harina de trigo TRES ESTRELLAS 907 GRS x $21.50 M.N. x Piezas Piezas Agregar $21.50 M.N. Harina de trigo integral LA PERLA BOLSA 907 GRS x $25.00 M.N. x Piezas Piezas Agregar $25.00 M.N. Harina de trigo SAN BLAS 800 GRS x $21.90 M.N. x Piezas Piezas Agregar $21.90 M.N. Harina de trigo SAN BLAS PARA TORTILLAS 1 KG. x $26.50 ",,0,,,,unknown,
Aguarde...,"Aguarde... Política general sobre cookies Al hacer clic en “Aceptar”, usted acepta que las cookies se guarden en su dispositivo para mejorar la navegación del sitio, analizar el uso del mismo, y colaborar con nuestros estudios para marketing. También puede configurarlas. Políticas de Cookies Configuración de cookies Aceptar Centro de preferencia de la privacidad Cuando visita cualquier sitio web, el mismo podría obtener o guardar información en su navegador, generalmente mediante el uso de cookies. Esta información puede ser acerca de usted, sus preferencias o su dispositivo, y se usa principalmente para que el sitio funcione según lo esperado. Por lo general, la información no lo identifica directamente, pero puede proporcionarle una experiencia web más personalizada. Ya que respetamos su derecho a la privacidad, usted puede escoger no permitirnos usar ciertas cookies. Haga clic en los encabezados de cada categoría para saber más y cambiar nuestras configuraciones predeterminadas. Sin embargo, el bloqueo de algunos tipos de cookies puede afectar su experiencia en el sitio y los servicios que podemos ofrecer. Políticas de Cookies Gestionar las preferencias de consentimiento Cookies estrictamente necesarias Activas siempre Estas cookies son necesarias para que el sitio web funcione y no se pueden desactivar en nuestros sistemas. Usualmente están configuradas para responder a acciones hechas por usted para recibir servicios, tales como ajustar sus preferencias de privacidad, iniciar sesión en el sitio, o llenar formularios. Usted puede configurar su navegador para bloquear o alertar la presencia de esas cookies, pero algunas partes del sitio web no funcionarán. Estas cookies no guardan ninguna información personal identificable. Cookies de rendimiento Estas cookies nos permiten contar las visitas y fuentes de circulación para poder medir y mejorar el desempeño de nuestro sitio. Nos ayudan a saber qué páginas son las más o menos populares, y ver cuántas personas visita",,1692,,,,unknown,
Aguarde...,"Aguarde... Política general sobre cookies Al hacer clic en “Aceptar”, usted acepta que las cookies se guarden en su dispositivo para mejorar la navegación del sitio, analizar el uso del mismo, y colaborar con nuestros estudios para marketing. También puede configurarlas. Políticas de Cookies Configuración de cookies Aceptar Centro de preferencia de la privacidad Cuando visita cualquier sitio web, el mismo podría obtener o guardar información en su navegador, generalmente mediante el uso de cookies. Esta información puede ser acerca de usted, sus preferencias o su dispositivo, y se usa principalmente para que el sitio funcione según lo esperado. Por lo general, la información no lo identifica directamente, pero puede proporcionarle una experiencia web más personalizada. Ya que respetamos su derecho a la privacidad, usted puede escoger no permitirnos usar ciertas cookies. Haga clic en los encabezados de cada categoría para saber más y cambiar nuestras configuraciones predeterminadas. Sin embargo, el bloqueo de algunos tipos de cookies puede afectar su experiencia en el sitio y los servicios que podemos ofrecer. Políticas de Cookies Gestionar las preferencias de consentimiento Cookies estrictamente necesarias Activas siempre Estas cookies son necesarias para que el sitio web funcione y no se pueden desactivar en nuestros sistemas. Usualmente están configuradas para responder a acciones hechas por usted para recibir servicios, tales como ajustar sus preferencias de privacidad, iniciar sesión en el sitio, o llenar formularios. Usted puede configurar su navegador para bloquear o alertar la presencia de esas cookies, pero algunas partes del sitio web no funcionarán. Estas cookies no guardan ninguna información personal identificable. Cookies de rendimiento Estas cookies nos permiten contar las visitas y fuentes de circulación para poder medir y mejorar el desempeño de nuestro sitio. Nos ayudan a saber qué páginas son las más o menos populares, y ver cuántas personas visita",,1692,,,,unknown,
Aguarde...,"Aguarde... Política general sobre cookies Al hacer clic en “Aceptar”, usted acepta que las cookies se guarden en su dispositivo para mejorar la navegación del sitio, analizar el uso del mismo, y colaborar con nuestros estudios para marketing. También puede configurarlas. Políticas de Cookies Configuración de cookies Aceptar Centro de preferencia de la privacidad Cuando visita cualquier sitio web, el mismo podría obtener o guardar información en su navegador, generalmente mediante el uso de cookies. Esta información puede ser acerca de usted, sus preferencias o su dispositivo, y se usa principalmente para que el sitio funcione según lo esperado. Por lo general, la información no lo identifica directamente, pero puede proporcionarle una experiencia web más personalizada. Ya que respetamos su derecho a la privacidad, usted puede escoger no permitirnos usar ciertas cookies. Haga clic en los encabezados de cada categoría para saber más y cambiar nuestras configuraciones predeterminadas. Sin embargo, el bloqueo de algunos tipos de cookies puede afectar su experiencia en el sitio y los servicios que podemos ofrecer. Políticas de Cookies Gestionar las preferencias de consentimiento Cookies estrictamente necesarias Activas siempre Estas cookies son necesarias para que el sitio web funcione y no se pueden desactivar en nuestros sistemas. Usualmente están configuradas para responder a acciones hechas por usted para recibir servicios, tales como ajustar sus preferencias de privacidad, iniciar sesión en el sitio, o llenar formularios. Usted puede configurar su navegador para bloquear o alertar la presencia de esas cookies, pero algunas partes del sitio web no funcionarán. Estas cookies no guardan ninguna información personal identificable. Cookies de rendimiento Estas cookies nos permiten contar las visitas y fuentes de circulación para poder medir y mejorar el desempeño de nuestro sitio. Nos ayudan a saber qué páginas son las más o menos populares, y ver cuántas personas visita",,1692,,,,unknown,
¡Aún no eres Wong Prime!,"¡Aún no eres Wong Prime! Aprovecha el despacho GRATIS en tus compras de Supermercado desde S/79.90 AQUÍ ¿Que buscas hoy? ¿Cómo quieres recibir tu pedido? Elegir Abarrotes Arroz Arroz Extra y Superior Arroz Gran Reserva Extra Valle Norte Bolsa 5 Kg - 9% Configuraciones ProductData {""allow_notes"":true,""allow_substitute"":true,""cart_limit"":""12"",""brandName"":""Valle Norte"",""brandEcomId"":""953"",""measurement_unit"":""un"",""unit_multiplier"":1,""unit_multiplier_un"":0,""measurement_unit_selector"":false} SkuData {""528"":{""ref_id"":""107169"",""cart_limit"":12,""allow_notes"":true,""allow_substitute"":true,""measurement_unit"":""un"",""unit_multiplier"":1,""promotions"":[""90"",""171"",""284"",""292"",""294"",""326"",""364"",""366"",""414"",""416"",""519"",""1045"",""1065"",""1173"",""1179"",""1183"",""1184"",""1194"",""1196"",""146325"",""146326"",""146597"",""146599"",""251083"",""251084"",""251085"",""251087"",""329743"",""382859"",""490256"",""490257"",""490261"",""490263"",""19144003"",""28328684"",""28328914"",""28329380"",""28330336"",""36519513"",""67507085"",""135779464"",""135780958"",""219593134"",""219730746"",""221284691"",""221390800"",""222132881"",""222537759"",""230020926"",""230020928"",""240821604"",""268674972"",""272483859"",""274021816"",""274436564"",""277909477"",""280731495"",""281154356"",""281315725""],""url_canonical"":"""",""unit_multiplier_un"":0,""measurement_unit_selector"":false,""release_data"":{""date_release"":""07-11-2016 00:00"",""date_release_end"":""07-12-2016 00:00"",""is_new"":false}}} Características Destacadas Tipo de Producto Arroz Extra Añejo Observaciones y Recomendaciones Origen Nacional Arroz Gran Reserva Extra Valle Norte Bolsa 5 Kg Cargando comentarios... Referencia : 107169 - 9% S/ 25 . 90 S/ 28 . 60 Cantidad ＋ － Agregar Certificados Ver todos Cookies ? ! i Política general sobre Cookies × En Wong.pe nos preocupamos por mejorar tu experiencia de compra, sin descuidar la protección de tus datos personales. En consecuencia Wong.pe, usa dos tipos de cookies las Funcionales y las de Analítica y Optimización ¿consiente el uso de las cookies? Sí Acepto Configuración de Cookies Política de Cook",,7990,,,,unknown,
¡Aún no eres Wong Prime!,"¡Aún no eres Wong Prime! Aprovecha el despacho GRATIS en tus compras de Supermercado desde S/79.90 AQUÍ ¿Que buscas hoy? ¿Cómo quieres recibir tu pedido? Elegir Abarrotes Arroz Arroz Extra y Superior Arroz Superior Paisana Bolsa 5 kg Configuraciones ProductData {""allow_notes"":false,""allow_substitute"":false,""cart_limit"":""9"",""brandName"":""Paisana"",""brandEcomId"":""680"",""measurement_unit"":""un"",""unit_multiplier"":1,""unit_multiplier_un"":0,""measurement_unit_selector"":false} SkuData {""23360"":{""ref_id"":""576339"",""cart_limit"":9,""allow_notes"":true,""allow_substitute"":true,""measurement_unit"":""un"",""unit_multiplier"":1,""promotions"":[""60"",""61"",""90"",""292"",""294"",""326"",""364"",""366"",""414"",""416"",""519"",""1045"",""1065"",""1173"",""1179"",""1183"",""1184"",""1194"",""1196"",""146325"",""146326"",""146597"",""146599"",""251083"",""251084"",""251085"",""251087"",""329743"",""382859"",""490256"",""490257"",""490261"",""490263"",""1997396"",""26152250"",""28328684"",""28328914"",""28329380"",""28330336"",""36519513"",""52456101"",""67507085"",""130019390"",""135779464"",""135780958"",""179935927"",""216694348"",""221284690"",""222537759"",""225549070"",""234542099"",""236422495"",""237312177"",""237381716"",""237784303"",""240821116"",""240821600"",""244636047"",""280400987"",""280401001"",""280401031"",""280401040"",""280401053"",""280401054"",""280401055"",""280401078"",""280549949"",""280628427"",""280663837"",""280671733"",""281157494""],""url_canonical"":"""",""unit_multiplier_un"":0,""measurement_unit_selector"":false,""release_data"":{""date_release"":""20-10-2017 00:00"",""date_release_end"":""19-11-2017 00:00"",""is_new"":false}}} Características Destacadas Tipo de Producto Arroz Superior Observaciones y Recomendaciones Origen Nacional Arroz Superior Paisana Bolsa 5 kg Paisana Referencia : 576339 S/ 22 . 60 Cantidad ＋ － Agregar Certificados Ver todos Descripción Especificaciones Comentarios Especificaciones técnicas Propiedad Especificación Ingredientes Ingredientes 100% arroz Ver condiciones de promociones Cookies ? ! i Política general sobre Cookies × En Wong.pe nos preocupamos por mejorar tu experiencia de compra, sin descu",,7990,,,,unknown,
¡Aún no eres Wong Prime!,"¡Aún no eres Wong Prime! Aprovecha el despacho GRATIS en tus compras de Supermercado desde S/79.90 AQUÍ ¿Que buscas hoy? ¿Cómo quieres recibir tu pedido? Elegir Abarrotes Arroz Arroz Extra y Superior Arroz Extra Costeño 5kg - 13% Descripción <h2>Arroz Costeño Extra 5kg</h2> <strong>¡El Arroz Costeño Extra 5 kg es tu mejor aliado en la cocina! </strong>Obtén el mejor <strong>precio para Arroz Costeño 5 kilos</strong> y disfruta de la máxima calidad que solo <a href=""https://www.wong.pe/abarrotes/arroz?initialMap=c,c&amp;initialQuery=abarrotes/arroz&amp;map=category-1,category-2,brand&amp;query=/abarrotes/arroz/costeno&amp;searchState"">Costeño</a> te puede ofrecer. Llévate a casa la<strong> Bolsa de Arroz Costeño Extra de 5 Kg </strong>a un excelente precio y sorprende a tu familia con una variedad de platos exquisitos, desde un simple almuerzo hasta un postre especial para cerrar con broche de oro cualquier cena. <h3>Beneficios nutricionales del Arroz Costeño Extra</h3> El<strong> Arroz Costeño </strong>no es solo un acompañante ideal para tus comidas; es una fuente indispensable de nutrientes. Cargado de hidratos de carbono, este arroz te mantiene activo y energizado durante todo el día. Además, es rico en minerales esenciales como calcio, hierro, magnesio y potasio, que contribuyen significativamente a una dieta equilibrada. Este superalimento también aporta <strong>vitaminas D</strong> y <strong>B</strong>, <strong>omega 3</strong>, <strong>niacina</strong>, <strong>ácido</strong> <strong>fólico </strong>y <strong>tiamina</strong>. Estos componentes son cruciales para una mejor absorción de nutrientes cuando se combina con otros alimentos como legumbres y carnes, optimizando así los beneficios para tu salud. Además, el Arroz Costeño ayuda a facilitar la digestión y previene enfermedades gastrointestinales, convirtiéndolo en una elección perfecta para tu bienestar diario. <h3>Inspiración para cocinar con Arroz Costeño</h3> Si te preguntas cómo integrar el Arroz Cos",,7990,,,,unknown,
¡Aún no eres Wong Prime!,"¡Aún no eres Wong Prime! Aprovecha el despacho GRATIS en tus compras de Supermercado desde S/79.90 AQUÍ ¿Que buscas hoy? ¿Cómo quieres recibir tu pedido? Elegir Abarrotes Arroz Arroz Extra y Superior Arroz Extra Añejo Cuisine&Co Bolsa 5 kg - 8% Configuraciones ProductData {""allow_notes"":false,""allow_substitute"":false,""cart_limit"":""6"",""brandName"":""Cuisine & Co"",""brandEcomId"":""9885"",""measurement_unit"":""un"",""unit_multiplier"":1,""unit_multiplier_un"":0,""measurement_unit_selector"":false} SkuData {""39156744"":{""ref_id"":""789685"",""cart_limit"":6,""allow_notes"":true,""allow_substitute"":true,""measurement_unit"":""un"",""unit_multiplier"":1,""promotions"":[""90"",""292"",""294"",""326"",""364"",""366"",""414"",""416"",""519"",""1045"",""1065"",""1173"",""1179"",""1183"",""1184"",""1194"",""1196"",""146325"",""146326"",""146597"",""146599"",""251083"",""251084"",""251085"",""251087"",""329743"",""382859"",""490256"",""490257"",""490261"",""490263"",""28328684"",""28328914"",""28329380"",""28330336"",""36519513"",""67507085"",""132420517"",""135779464"",""135780958"",""202166997"",""219853414"",""220132509"",""220132511"",""222537759"",""222647627"",""224305351"",""224636388"",""225405225"",""225414225"",""225414227"",""225723952"",""227584356"",""227975713"",""228866508"",""229338202"",""229424569"",""230406784"",""230433711"",""231572812"",""231644644"",""231659047"",""232645927"",""232870929"",""232931212"",""234054790"",""234669299"",""236675674"",""236692621"",""237242860"",""237242861"",""238191143"",""238798337"",""239789850"",""240218924"",""240632725"",""241629676"",""244087778""],""url_canonical"":"""",""unit_multiplier_un"":0,""measurement_unit_selector"":false,""release_data"":{""date_release"":""25-09-2020 00:00"",""date_release_end"":""25-10-2020 00:00"",""is_new"":false}}} Características Destacadas Tipo de Producto Arroz Extra Añejo Observaciones y Recomendaciones Origen Nacional Arroz Extra Añejo Cuisine&Co Bolsa 5 kg Cuisine & Co Referencia : 789685 - 8% S/ 22 . 90 S/ 24 . 90 Cantidad ＋ － Agregar Certificados Ver todos ¡Van mejor juntos! Estás viendo: -8% Arroz Extra Añejo Cuisine&Co Bolsa 5 kg Precio Online S/ 22 . 90 Precio regular S/ 24.90 + P",,7990,,,,unknown,
¡Aún no eres Wong Prime!,"¡Aún no eres Wong Prime! Aprovecha el despacho GRATIS en tus compras de Supermercado desde S/79.90 AQUÍ ¿Que buscas hoy? ¿Cómo quieres recibir tu pedido? Elegir Abarrotes Arroz Arroz Extra y Superior Arroz Blanco Extra Añejo Faraón Naranja 5kg - 9% Configuraciones ProductData {""allow_notes"":true,""allow_substitute"":true,""cart_limit"":""9"",""brandName"":""Faraon"",""brandEcomId"":""2000896"",""measurement_unit"":""un"",""unit_multiplier"":1,""unit_multiplier_un"":0,""measurement_unit_selector"":false} SkuData {""34015"":{""ref_id"":""570522"",""cart_limit"":9,""allow_notes"":true,""allow_substitute"":true,""measurement_unit"":""un"",""unit_multiplier"":1,""promotions"":[""90"",""292"",""294"",""326"",""364"",""366"",""414"",""416"",""519"",""1045"",""1065"",""1173"",""1179"",""1183"",""1184"",""1194"",""1196"",""146325"",""146326"",""146597"",""146599"",""251083"",""251084"",""251085"",""251087"",""329743"",""382859"",""490256"",""490257"",""490261"",""490263"",""13966486"",""17705328"",""28328684"",""28328914"",""28329380"",""28330336"",""36519513"",""67507085"",""135779464"",""135780958"",""193653500"",""216694347"",""222537759"",""226942575"",""226942582"",""231078089"",""276361127"",""278732898"",""279388911"",""280166968"",""280570388"",""280649266"",""280704179"",""280885857"",""280905848"",""280976909"",""281456430""],""url_canonical"":"""",""unit_multiplier_un"":0,""measurement_unit_selector"":false,""release_data"":{""date_release"":""27-06-2025 00:00"",""date_release_end"":""27-07-2025 00:00"",""is_new"":false}}} Características Destacadas Tipo de Producto Arroz Extra Añejo Observaciones y Recomendaciones Origen Nacional Arroz Blanco Extra Añejo Faraón Naranja 5kg Faraon Referencia : 570522 - 9% S/ 24 . 50 S/ 26 . 90 Cantidad ＋ － Agregar Certificados Ver todos Características Principales Contiene 5 kilos Arroz añejo Variedad: Extra ¡Van mejor juntos! Estás viendo: -9% Arroz Blanco Extra Añejo Faraón Naranja 5kg Precio Online S/ 24 . 50 Precio regular S/ 26.90 + Paella Carmencita Estuche 256 g Precio Online S/ 42 . 50 Total Juntos: S/ 67.00 agregar juntos Descripción Información Nutricional Especificaciones Comentarios Especificaci",,7990,,,,unknown,
¡Aún no eres Wong Prime!,"¡Aún no eres Wong Prime! Aprovecha el despacho GRATIS en tus compras de Supermercado desde S/79.90 AQUÍ ¿Que buscas hoy? ¿Cómo quieres recibir tu pedido? Elegir Carnes, Aves y Pescados Aves y Huevos Pollo Entero Pollo con Menudencia Redondos x kg Características Destacadas Tipo de Producto Pollo Observaciones y Recomendaciones Origen Nacional Pollo con Menudencia Redondos x kg Redondos Referencia : 1007298 S/ 9 . 80 x kg Cantidad ＋ － Agregar Certificados Ver todos Características Principales Venta al peso Pollo entero fresco Con menudencia ¡Van mejor juntos! Estás viendo: Pollo con Menudencia Redondos x kg Precio Online S/ 9 . 80 x kg + Huevos Clásicos Blancos La Calera 15un Precio Online S/ 11 . 50 Total Juntos: S/ 33.06 agregar juntos Descripción Especificaciones Comentarios Especificaciones técnicas Propiedad Especificación Ver condiciones de promociones Podrían interesarte Pollo Entero Light x kg Precio Online S/ 12 . 30 x kg true Pollo Fresco Sin Menudencia Artisan Libre de Antibióticos x kg Precio Online S/ 19 . 49 x kg true Pollo Entero sin Menudencia x kg Precio Online S/ 11 . 70 x kg true Pollo Entero con Menudencia x kg Precio Online S/ 9 . 50 x kg true Cookies ? ! i Política general sobre Cookies × En Wong.pe nos preocupamos por mejorar tu experiencia de compra, sin descuidar la protección de tus datos personales. En consecuencia Wong.pe, usa dos tipos de cookies las Funcionales y las de Analítica y Optimización ¿consiente el uso de las cookies? Sí Acepto Configuración de Cookies Política de Cookies Recuerda escribir al menos 3 letras en el cuadro de búsqueda Términos más buscados 1. elvive liso 2. ariel liquido 3. limpiador inodoro harpic 4. busca 5. secret clinical Marcas sugeridas",,7990,,,,unknown,
¡Aún no eres Wong Prime!,"¡Aún no eres Wong Prime! Aprovecha el despacho GRATIS en tus compras de Supermercado desde S/79.90 AQUÍ ¿Que buscas hoy? ¿Cómo quieres recibir tu pedido? Elegir Carnes, Aves y Pescados Aves y Huevos Pollo Entero Pollo Fresco con Menudencia San Fernando x Kg - 16% Configuraciones ProductData {""allow_notes"":true,""allow_substitute"":true,""cart_limit"":""6"",""brandName"":""San Fernando"",""brandEcomId"":""801"",""measurement_unit"":""kg"",""unit_multiplier"":2.2,""measurement_unit_selector"":false} SkuData {""39281666"":{""ref_id"":""1013433"",""cart_limit"":6,""allow_notes"":true,""allow_substitute"":true,""measurement_unit"":""kg"",""unit_multiplier"":2.2,""promotions"":[""28328684"",""28328914"",""28329380"",""28330336"",""67507085"",""135779464"",""135780958""],""url_canonical"":null,""measurement_unit_selector"":false,""release_data"":{""is_new"":false}}} Características Destacadas Tipo de Producto Pollo Observaciones y Recomendaciones Origen Nacional Pollo Fresco con Menudencia San Fernando x Kg San Fernando Referencia : 1013433 - 16% S/ 8 . 30 x kg S/ 9 . 90 x kg Cantidad ＋ － Agregar Certificados Ver todos Características Principales Venta por kilos Pollo fresco con menudencia Mantener refrigerado de 0 a 4°C ¡Van mejor juntos! Estás viendo: -16% Pollo Fresco con Menudencia San Fernando x Kg Precio Online S/ 8 . 30 x kg Precio regular S/ 9.90 x kg + Huevos Clásicos Blancos La Calera 15un Precio Online S/ 11 . 50 Total Juntos: S/ 29.76 agregar juntos Descripción Especificaciones Comentarios Especificaciones técnicas Propiedad Especificación Ver condiciones de promociones Podrían interesarte Pollo Entero Light x kg Precio Online S/ 12 . 30 x kg true Pollo Fresco Sin Menudencia Artisan Libre de Antibióticos x kg Precio Online S/ 19 . 49 x kg true Pollo Entero sin Menudencia x kg Precio Online S/ 11 . 70 x kg true Pollo Entero con Menudencia x kg Precio Online S/ 9 . 50 x kg true Cookies ? ! i Política general sobre Cookies × En Wong.pe nos preocupamos por mejorar tu experiencia de compra, sin descuidar la protección de tus dat",,7990,,,,unknown,
0,"0 BUSCAR PRODUCTOS Ingresa 0 $0 M.N Estás en: La Comer Coyoacán La Comer Tecnológico Toluca La Comer Altaria Aguascalientes La Comer Bosque Esmeralda La Comer Bosque Real La Comer CDMX Sur La Comer Cabo San Lucas La Comer Cascada Los Cabos La Comer Coyoacán La Comer Del Valle La Comer Diana Cuernavaca La Comer El Refugio Qro La Comer Estadio Qro La Comer Iguala La Comer Insurgentes La Comer Irapuato La Comer Iztapalapa Las Torres La Comer Juriquilla La Comer Lago Alberto La Comer Las Animas La Comer Lomas Anáhuac La Comer Manzanillo La Comer Morelia La Comer Nuevo Vallarta La Comer Olivar La Comer Pozuelos Guanajuato La Comer Puebla La Comer Pueblo Nuevo Qro La Comer San Juan del Río La Comer San Miguel de Allende La Comer Santa María La Ribera La Comer Tlalpan La Comer Torres de Satélite La Comer Tultitlán La Comer Uruapan La Comer Vallarta Fluvial La Comer Valle Dorado La Comer Villa Coapa La Comer Zaragoza Qro La Comer Álamos Parque Qro La Comer Coyoacán Dirección MIGUEL ANGEL DE QUEVEDO 443, ROMERO DE TERREROS, 4310 COYOACAN, MEXICO, CIUDAD DE MÉXICO ¡Deseo comprar aquí! Toggle navigation Departamentos Departamentos Sitios de Información Monedero Naranja En tu casa Plus La Comer Card Recetas Spooky Season Departamentos Sitios de Información Recetas Spooky Season Estas en: La Comer Coyoacán Inicio No se encuentra el producto en esta tienda REGRESAR Copyright © La Comer. Todos los derechos reservados. Bienvenidas las tarjetas: 24/04/2019 1.0 Al navegar en este sitio aceptas las cookies que utilizamos para mejorar tu experiencia. ACEPTO",,0,,,,unknown,
¡Aún no eres Wong Prime!,"¡Aún no eres Wong Prime! Aprovecha el despacho GRATIS en tus compras de Supermercado desde S/79.90 AQUÍ ¿Que buscas hoy? ¿Cómo quieres recibir tu pedido? Elegir Carnes, Aves y Pescados Aves y Huevos Pollo Entero Pollo Fresco Sin Menudencia Artisan Libre de Antibióticos x kg Configuraciones ProductData {""allow_notes"":false,""allow_substitute"":false,""cart_limit"":""12"",""brandName"":""Artisan"",""brandEcomId"":""2002011"",""measurement_unit"":""kg"",""unit_multiplier"":1.8,""unit_multiplier_un"":2.2,""measurement_unit_selector"":false} SkuData {""39171581"":{""ref_id"":""903179"",""cart_limit"":12,""allow_notes"":true,""allow_substitute"":true,""measurement_unit"":""kg"",""unit_multiplier"":1.8,""promotions"":[""28328684"",""28328914"",""28329380"",""28330336"",""67507085"",""135779464"",""135780958"",""235738984""],""url_canonical"":"""",""unit_multiplier_un"":2.2,""measurement_unit_selector"":false,""release_data"":{""date_release"":""15-05-2021 00:00"",""date_release_end"":""14-06-2021 00:00"",""is_new"":false}}} Características Destacadas Tipo de Producto Pollo Observaciones y Recomendaciones Origen Nacional Pollo Fresco Sin Menudencia Artisan Libre de Antibióticos x kg Cargando comentarios... Referencia : 903179 S/ 19 . 49 x kg Cantidad ＋ － Agregar Certificados Ver todos Cookies ? ! i Política general sobre Cookies × En Wong.pe nos preocupamos por mejorar tu experiencia de compra, sin descuidar la protección de tus datos personales. En consecuencia Wong.pe, usa dos tipos de cookies las Funcionales y las de Analítica y Optimización ¿consiente el uso de las cookies? Sí Acepto Configuración de Cookies Política de Cookies",,7990,,,,unknown,
¡Aún no eres Wong Prime!,"¡Aún no eres Wong Prime! Aprovecha el despacho GRATIS en tus compras de Supermercado desde S/79.90 AQUÍ ¿Que buscas hoy? ¿Cómo quieres recibir tu pedido? Elegir Carnes, Aves y Pescados Aves y Huevos Pollo Entero Pollo Entero con Menudencia Avinka x kg Configuraciones ProductData {""allow_notes"":true,""allow_substitute"":true,""cart_limit"":""12"",""brandName"":""Avinka"",""brandEcomId"":""2001613"",""measurement_unit"":""kg"",""unit_multiplier"":2.2,""measurement_unit_selector"":false} SkuData {""39281667"":{""ref_id"":""1013434"",""cart_limit"":12,""allow_notes"":true,""allow_substitute"":true,""measurement_unit"":""kg"",""unit_multiplier"":2.2,""promotions"":[""28328684"",""28328914"",""28329380"",""28330336"",""67507085"",""135779464"",""135780958""],""url_canonical"":null,""measurement_unit_selector"":false,""release_data"":{""is_new"":false}}} Características Destacadas Tipo de Producto Pollo Observaciones y Recomendaciones Origen Nacional Pollo Entero con Menudencia Avinka x kg Avinka Referencia : 1013434 S/ 10 . 65 x kg Cantidad ＋ － Agregar Certificados Ver todos Características Principales Venta al peso Pollo entero con menudencia Producto fresco ¡Van mejor juntos! Estás viendo: Pollo Entero con Menudencia Avinka x kg Precio Online S/ 10 . 65 x kg + Huevos Clásicos Blancos La Calera 15un Precio Online S/ 11 . 50 Total Juntos: S/ 34.93 agregar juntos Descripción Especificaciones Comentarios Especificaciones técnicas Propiedad Especificación Ver condiciones de promociones Podrían interesarte Pollo Entero Light x kg Precio Online S/ 12 . 30 x kg true Pollo Fresco Sin Menudencia Artisan Libre de Antibióticos x kg Precio Online S/ 19 . 49 x kg true Pollo Entero sin Menudencia x kg Precio Online S/ 11 . 70 x kg true Pollo Entero con Menudencia x kg Precio Online S/ 9 . 50 x kg true Cookies ? ! i Política general sobre Cookies × En Wong.pe nos preocupamos por mejorar tu experiencia de compra, sin descuidar la protección de tus datos personales. En consecuencia Wong.pe, usa dos tipos de cookies las Funcionales y las de Analítica ",,7990,,,,unknown,
¡Aún no eres Wong Prime!,"¡Aún no eres Wong Prime! Aprovecha el despacho GRATIS en tus compras de Supermercado desde S/79.90 AQUÍ ¿Que buscas hoy? ¿Cómo quieres recibir tu pedido? Elegir Carnes, Aves y Pescados Aves y Huevos Preparados de Pollo Pollo al Horno San Fernando Bolsa 800 g / Medio pollo en 4 Piezas Configuraciones ProductData {""allow_notes"":false,""allow_substitute"":false,""cart_limit"":""8"",""brandName"":""San Fernando"",""brandEcomId"":""801"",""measurement_unit"":""un"",""unit_multiplier"":1,""unit_multiplier_un"":0,""measurement_unit_selector"":false} SkuData {""39162037"":{""ref_id"":""908065"",""cart_limit"":8,""allow_notes"":true,""allow_substitute"":true,""measurement_unit"":""un"",""unit_multiplier"":1,""promotions"":[""28328684"",""28328914"",""28329380"",""28330336"",""67507085"",""135779464"",""135780958""],""url_canonical"":"""",""unit_multiplier_un"":0,""measurement_unit_selector"":false,""release_data"":{""date_release"":""20-01-2021 00:00"",""date_release_end"":""19-02-2021 00:00"",""is_new"":false}}} Información adicional Octogonos SODIO Características Destacadas Tipo de Producto Pollo Observaciones y Recomendaciones Origen Nacional Pollo al Horno San Fernando Bolsa 800 g / Medio pollo en 4 Piezas San Fernando Referencia : 908065 S/ 17 . 80 Cantidad ＋ － Agregar Certificados Ver todos ¡Van mejor juntos! Estás viendo: Pollo al Horno San Fernando Bolsa 800 g / Medio pollo en 4 Piezas Precio Online S/ 17 . 80 + Huevos Clásicos Blancos La Calera 15un Precio Online S/ 11 . 50 Total Juntos: S/ 29.30 agregar juntos Descripción Especificaciones Comentarios Especificaciones técnicas Propiedad Especificación Ingredientes Ingredientes Pollo trozado, Agua, Ají panca en pasta, Vinagre blanco, Ajo molido, Sal, Azúcar cultivado, Salsa de soya, Azúcar, Aceite vegetal de soya, Ají amarillo en pasta, Comino, Pimienta negra, Ají mirasol en pasta, Acentuador de sabor sin 621, Ajo en polvo, Cebolla en polvo, Orégano en polvo, Espesante sin 415, Soya Puede contener Ingredientes Trazas de Soya, Gluten, Derivado lácteo Ver condiciones de promociones Podrían inte",,7990,,,,unknown,
¡Aún no eres Wong Prime!,"¡Aún no eres Wong Prime! Aprovecha el despacho GRATIS en tus compras de Supermercado desde S/79.90 AQUÍ ¿Que buscas hoy? ¿Cómo quieres recibir tu pedido? Elegir 404! No encontramos lo que buscas Buscar por Categoría Wong Prime Bebidas Frutas y Verduras Cuidado del Hogar Lácteos y huevos Panadería Despensa Congelados Carnes y chorizos Descarga HOY nuestra App Cómo comprar Si tienes alguna duda ingresa aquí Nuestras Tiendas Conoce tu tienda más cercana Envíos Conoce nuestros métodos de envío Pagos Conoce nuestros medios de pago ¡SUSCRÍBETE AL NEWSLETTER Y RECIBE OFERTAS! He leído y aceptado la Política de Privacidad y Seguridad y la Políticas de Cookies Suscríbete a nuestro newsletter Suscribir Cookies ? ! i Política general sobre Cookies × En Wong.pe nos preocupamos por mejorar tu experiencia de compra, sin descuidar la protección de tus datos personales. En consecuencia Wong.pe, usa dos tipos de cookies las Funcionales y las de Analítica y Optimización ¿consiente el uso de las cookies? Sí Acepto Configuración de Cookies Política de Cookies Recuerda escribir al menos 3 letras en el cuadro de búsqueda Términos más buscados 1. elvive liso 2. ariel liquido 3. limpiador inodoro harpic 4. busca 5. secret clinical Marcas sugeridas",,7990,,,,unknown,
¡Aún no eres Wong Prime!,"¡Aún no eres Wong Prime! Aprovecha el despacho GRATIS en tus compras de Supermercado desde S/79.90 AQUÍ ¿Que buscas hoy? ¿Cómo quieres recibir tu pedido? Elegir Ordenar por Relevancia Relevancia Más vendido Más nuevo Mejor descuento Mayor precio Menor precio A-Z Z-A Cookies ? ! i Política general sobre Cookies × En Wong.pe nos preocupamos por mejorar tu experiencia de compra, sin descuidar la protección de tus datos personales. En consecuencia Wong.pe, usa dos tipos de cookies las Funcionales y las de Analítica y Optimización ¿consiente el uso de las cookies? Sí Acepto Configuración de Cookies Política de Cookies",,7990,,,,unknown,
¡Aún no eres Wong Prime!,"¡Aún no eres Wong Prime! Aprovecha el despacho GRATIS en tus compras de Supermercado desde S/79.90 AQUÍ ¿Que buscas hoy? ¿Cómo quieres recibir tu pedido? Elegir Desayuno Café e Infusiones Café Molido y Granos Café Molido Cafetal Selecto 900g Configuraciones ProductData {""allow_notes"":false,""allow_substitute"":false,""cart_limit"":""12"",""brandName"":""Cafetal"",""brandEcomId"":""112"",""measurement_unit"":""un"",""unit_multiplier"":1,""unit_multiplier_un"":0,""measurement_unit_selector"":false} SkuData {""39146980"":{""ref_id"":""755202"",""cart_limit"":12,""allow_notes"":true,""allow_substitute"":true,""measurement_unit"":""un"",""unit_multiplier"":1,""promotions"":[""28328684"",""28328914"",""28329380"",""28330336"",""67507085"",""75899293"",""135779464"",""219860252"",""223869854"",""224997073"",""227254378"",""231050304"",""232645917"",""235410680"",""241359059"",""279531544"",""280471206"",""280549942"",""280590096""],""url_canonical"":"""",""unit_multiplier_un"":0,""measurement_unit_selector"":false,""release_data"":{""is_new"":false}}} Características Destacadas Tipo de Producto Café Grano Molido Observaciones y Recomendaciones Origen Nacional Café Molido Cafetal Selecto 900g Cafetal Referencia : 755202 S/ 50 . 50 Cantidad ＋ － Agregar Certificados Ver todos Características Principales Contiene 900 gramos Café molido Café 100% peruano ¡Van mejor juntos! Estás viendo: Café Molido Cafetal Selecto 900g Precio Online S/ 50 . 50 + Infusión de Anís McColin's 25un Precio Online S/ 4 . 00 Total Juntos: S/ 54.50 agregar juntos Descripción Información Nutricional Especificaciones Comentarios Especificaciones técnicas Propiedad Especificación Ingredientes Ingredientes 100% puro café arábico peruano Ver condiciones de promociones Podrían interesarte Café Grano Artidoro Rodríguez Bolsa 250 g Precio Online S/ 45 . 00 true Café Molido Illy Espresso 250g Precio Online S/ 59 . 90 true Café Molido Tueste Claro Britt 250g Precio Online S/ 51 . 90 true Café en Grano Valle Sagrado Britt 250g Precio Online S/ 51 . 90 true Café Molido Tunki Tipo Americano 215g Precio Onlin",,7990,,,,unknown,
Cookies,"Cookies ? ! i Política general sobre Cookies × En Wong.pe nos preocupamos por mejorar tu experiencia de compra, sin descuidar la protección de tus datos personales. En consecuencia Wong.pe, usa dos tipos de cookies las Funcionales y las de Analítica y Optimización ¿consiente el uso de las cookies? Sí Acepto Configuración de Cookies Política de Cookies",,,,,,unknown,
¡Aún no eres Wong Prime!,"¡Aún no eres Wong Prime! Aprovecha el despacho GRATIS en tus compras de Supermercado desde S/79.90 AQUÍ ¿Que buscas hoy? ¿Cómo quieres recibir tu pedido? Elegir Desayuno Café e Infusiones Café Molido y Granos Café Molido y Tostado Cuisine & Co 500g Configuraciones ProductData {""allow_notes"":false,""allow_substitute"":false,""cart_limit"":""12"",""brandName"":""Cuisine & Co"",""brandEcomId"":""9885"",""measurement_unit"":""un"",""unit_multiplier"":1,""unit_multiplier_un"":0,""measurement_unit_selector"":false} SkuData {""39201976"":{""ref_id"":""932780"",""cart_limit"":12,""allow_notes"":true,""allow_substitute"":true,""measurement_unit"":""un"",""unit_multiplier"":1,""promotions"":[""28328684"",""28328914"",""28329380"",""28330336"",""67507085"",""75899293"",""135779464"",""202166997"",""220132509"",""220132511"",""232096934"",""232931212"",""235394360"",""236761151"",""237242860"",""237242861""],""url_canonical"":"""",""unit_multiplier_un"":0,""measurement_unit_selector"":false,""release_data"":{""is_new"":false}}} Características Destacadas Tipo de Producto Café Grano Molido Observaciones y Recomendaciones Origen Nacional Café Molido y Tostado Cuisine & Co 500g Cuisine & Co Referencia : 932780 S/ 33 . 90 Cantidad ＋ － Agregar Certificados Ver todos Características Principales Contiene 500 gramos Café tostado y molido Tostión oscura Amargor alto Cuerpo medio Aroma intenso ¡Van mejor juntos! Estás viendo: Café Molido y Tostado Cuisine & Co 500g Precio Online S/ 33 . 90 + Infusión de Anís McColin's 25un Precio Online S/ 4 . 00 Total Juntos: S/ 37.90 agregar juntos Descripción Especificaciones Comentarios Especificaciones técnicas Propiedad Especificación Ver condiciones de promociones Podrían interesarte Café Grano Artidoro Rodríguez Bolsa 250 g Precio Online S/ 45 . 00 true Café Molido Illy Espresso 250g Precio Online S/ 59 . 90 true Café Molido Tueste Claro Britt 250g Precio Online S/ 51 . 90 true Café en Grano Valle Sagrado Britt 250g Precio Online S/ 51 . 90 true Café Molido Tunki Tipo Americano 215g Precio Online S/ 35 . 70 true Cookies ? ! i Políti",,7990,,,,unknown,
¡Aún no eres Wong Prime!,"¡Aún no eres Wong Prime! Aprovecha el despacho GRATIS en tus compras de Supermercado desde S/79.90 AQUÍ ¿Que buscas hoy? ¿Cómo quieres recibir tu pedido? Elegir Abarrotes Aceites Aceites Vegetales Aceite Vegetal Primor Clásico Botella 1.8L - 18% Configuraciones ProductData {""allow_notes"":false,""allow_substitute"":false,""cart_limit"":""24"",""brandName"":""Primor"",""brandEcomId"":""742"",""measurement_unit"":""un"",""unit_multiplier"":1,""unit_multiplier_un"":0,""measurement_unit_selector"":false} SkuData {""39181622"":{""ref_id"":""929686"",""cart_limit"":24,""allow_notes"":true,""allow_substitute"":true,""measurement_unit"":""un"",""unit_multiplier"":1,""promotions"":[""58"",""90"",""292"",""294"",""326"",""364"",""366"",""408"",""414"",""416"",""494"",""519"",""1045"",""1065"",""1173"",""1179"",""1183"",""1184"",""1194"",""1196"",""18128"",""146325"",""146326"",""146597"",""146599"",""230560"",""230561"",""251083"",""251084"",""251085"",""251087"",""261935"",""329743"",""348901"",""348905"",""382859"",""490256"",""490257"",""490261"",""490263"",""28328684"",""28328914"",""28329380"",""28330336"",""34700744"",""67507085"",""135779464"",""135780958""],""url_canonical"":""0"",""unit_multiplier_un"":0,""measurement_unit_selector"":false,""release_data"":{""is_new"":false}}} Características Destacadas Tipo de Producto Aceite Vegetal Observaciones y Recomendaciones Origen Nacional Aceite Vegetal Primor Clásico Botella 1.8L Primor Referencia : 929686 - 18% S/ 16 . 20 S/ 19 . 80 Cantidad ＋ － Agregar Certificados Ver todos Características Principales Contiene 1.8 litros Aceite vegetal 100% vegetal Sin antioxidantes ni sintéticos ¡Van mejor juntos! Estás viendo: -18% Aceite Vegetal Primor Clásico Botella 1.8L Precio Online S/ 16 . 20 Precio regular S/ 19.80 + Aceite de Oliva El Olivar Extra Virgen Botella 200 ml Precio Online S/ 18 . 00 Total Juntos: S/ 34.20 agregar juntos Descripción Información Nutricional Especificaciones Comentarios Especificaciones técnicas Propiedad Especificación Ingredientes Ingredientes Aceite 100% vegetal de soya Ver condiciones de promociones Podrían interesarte Aceite Oleico de Carmano 380g",,7990,,,,unknown,
¡Aún no eres Wong Prime!,"¡Aún no eres Wong Prime! Aprovecha el despacho GRATIS en tus compras de Supermercado desde S/79.90 AQUÍ ¿Que buscas hoy? ¿Cómo quieres recibir tu pedido? Elegir Abarrotes Aceites Aceites de Oliva Aceite Oliva Extra Virgen Borges Botella 1 Litro - 20% Configuraciones ProductData {""allow_notes"":false,""allow_substitute"":false,""cart_limit"":""12"",""brandName"":""Borges"",""brandEcomId"":""2702"",""measurement_unit"":""un"",""unit_multiplier"":1,""unit_multiplier_un"":0,""measurement_unit_selector"":false} SkuData {""32629"":{""ref_id"":""701283"",""cart_limit"":12,""allow_notes"":true,""allow_substitute"":true,""measurement_unit"":""un"",""unit_multiplier"":1,""promotions"":[""58"",""90"",""292"",""294"",""326"",""364"",""366"",""408"",""414"",""416"",""494"",""519"",""1045"",""1065"",""1173"",""1179"",""1183"",""1184"",""1194"",""1196"",""18120"",""146325"",""146326"",""146597"",""146599"",""230560"",""230561"",""251083"",""251084"",""251085"",""251087"",""261935"",""329743"",""348899"",""348900"",""382859"",""490256"",""490257"",""490261"",""490263"",""28328684"",""28328914"",""28329380"",""28330336"",""34700744"",""67507085"",""135779464"",""135780958"",""242805685"",""274021796"",""280352842"",""280488174"",""280885848"",""281134817"",""281268648""],""url_canonical"":"""",""unit_multiplier_un"":0,""measurement_unit_selector"":false,""release_data"":{""date_release"":""15-02-2018 00:00"",""date_release_end"":""17-03-2018 00:00"",""is_new"":false}}} Características Destacadas Tipo de Producto Aceite de Oliva Extra Virgen Observaciones y Recomendaciones Origen Importado Aceite Oliva Extra Virgen Borges Botella 1 Litro Borges Referencia : 701283 - 20% S/ 55 . 90 S/ 69 . 90 Cantidad ＋ － Agregar Certificados Ver todos Descripción Información Nutricional Especificaciones Comentarios Especificaciones técnicas Propiedad Especificación Ingredientes Ingredientes Aceite de oliva virgen extra Ver condiciones de promociones Cookies ? ! i Política general sobre Cookies × En Wong.pe nos preocupamos por mejorar tu experiencia de compra, sin descuidar la protección de tus datos personales. En consecuencia Wong.pe, usa dos tipos de cookies las Funcion",,7990,,,,unknown,
0,"0 BUSCAR PRODUCTOS Ingresa 0 $0 M.N Estás en: La Comer Coyoacán La Comer Tecnológico Toluca La Comer Altaria Aguascalientes La Comer Bosque Esmeralda La Comer Bosque Real La Comer CDMX Sur La Comer Cabo San Lucas La Comer Cascada Los Cabos La Comer Coyoacán La Comer Del Valle La Comer Diana Cuernavaca La Comer El Refugio Qro La Comer Estadio Qro La Comer Iguala La Comer Insurgentes La Comer Irapuato La Comer Iztapalapa Las Torres La Comer Juriquilla La Comer Lago Alberto La Comer Las Animas La Comer Lomas Anáhuac La Comer Manzanillo La Comer Morelia La Comer Nuevo Vallarta La Comer Olivar La Comer Pozuelos Guanajuato La Comer Puebla La Comer Pueblo Nuevo Qro La Comer San Juan del Río La Comer San Miguel de Allende La Comer Santa María La Ribera La Comer Tlalpan La Comer Torres de Satélite La Comer Tultitlán La Comer Uruapan La Comer Vallarta Fluvial La Comer Valle Dorado La Comer Villa Coapa La Comer Zaragoza Qro La Comer Álamos Parque Qro La Comer Coyoacán Dirección MIGUEL ANGEL DE QUEVEDO 443, ROMERO DE TERREROS, 4310 COYOACAN, MEXICO, CIUDAD DE MÉXICO ¡Deseo comprar aquí! Toggle navigation Departamentos Departamentos Sitios de Información Monedero Naranja En tu casa Plus La Comer Card Recetas Spooky Season Departamentos Sitios de Información Recetas Spooky Season Estas en: La Comer Coyoacán Inicio Harina De Trigo Harina De Trigo Ke Precio 1 kg REGRESAR $14.50 M.N. pieza Piezas Agregar PRESENTACIÓN/ENVASE: BOLSA Detalle DESCRIPCIÓN DEL PRODUCTO Harina de trigo en presentación de 1 KG, ideal para preparar desde tortillas hasta panes, pasteles o empanizados. Su textura fina permite una mezcla uniforme y fácil manejo. PAÍS DE ORIGEN Hecho en México. TIPS Y MODOS DE USO Úsala para hot cakes, pan dulce, pasteles, empanadas o espesar caldos. Puedes mezclarla con otras harinas para recetas integrales. Guárdala en un recipiente cerrado para evitar humedad. BENEFICIOS Aporta carbohidratos complejos y es una base esencial en la cocina mexicana tradicional y moderna. INGREDI",,0,,,,unknown,
¡Aún no eres Wong Prime!,"¡Aún no eres Wong Prime! Aprovecha el despacho GRATIS en tus compras de Supermercado desde S/79.90 AQUÍ ¿Que buscas hoy? ¿Cómo quieres recibir tu pedido? Elegir Abarrotes Aceites Aceites de Oliva Aceite de Oliva Extra Virgen Cuisine & Co 1L - 20% Descripción <h2>Aceite de Oliva Extra Virgen Cuisine &amp; Co 1L</h2> El <strong>Aceite de Oliva Extra Virgen Cuisine &amp; Co 1L </strong>es una opción de calidad premium diseñada para realzar el sabor de tus comidas mientras cuidas tu salud. Con una extracción en frío que preserva todas sus propiedades naturales, este producto se convierte en un aliado esencial en la cocina para quienes buscan ingredientes saludables y versátiles. <h2>Características</h2> <ul> <li aria-level=""1"">Presentación de 1 litro: Ideal para familias o amantes de la cocina que desean contar con un producto rendidor y de alta calidad.</li> <li aria-level=""1"">Aceite de oliva extra virgen: Elaborado a partir de <a href=""https://www.wong.pe/comidas-y-rostizados/comidas/aceitunas-y-encurtidos?initialMap=c,c,c&amp;initialQuery=comidas-y-rostizados/comidas/aceitunas-y-encurtidos&amp;map=category-1,category-2,category-3,tipo-de-producto&amp;query=/comidas-y-rostizados/comidas/aceitunas-y-encurtidos/aceitunas&amp;searchState"">aceitunas</a> cuidadosamente seleccionadas, garantiza un sabor auténtico y una pureza excepcional.</li> <li aria-level=""1"">Extracción en frío: Este proceso conserva todas las propiedades del aceite, incluyendo sus beneficios antioxidantes y ácidos grasos esenciales.</li> </ul> <h3>Beneficios del Aceite de Oliva Extra Virgen</h3> <ul> <li aria-level=""1""><strong>Salud y bienestar:</strong> Gracias a su alto contenido de antioxidantes y grasas saludables, el aceite de oliva ayuda a reducir el colesterol malo y a mantener un corazón saludable.</li> <li aria-level=""1""><strong>Versatilidad en la cocina:</strong> Perfecto para aderezos, marinados, salteados e incluso para disfrutar en crudo, aportando un sabor único a tus recetas.</li> <li ari",,7990,,,,unknown,
¡Aún no eres Wong Prime!,"¡Aún no eres Wong Prime! Aprovecha el despacho GRATIS en tus compras de Supermercado desde S/79.90 AQUÍ ¿Que buscas hoy? ¿Cómo quieres recibir tu pedido? Elegir Abarrotes Aceites Aceites de Oliva Aceite de Oliva El Olivar Extra Virgen 1L Configuraciones ProductData {""allow_notes"":false,""allow_substitute"":false,""cart_limit"":""12"",""brandName"":""El Olivar"",""brandEcomId"":""287"",""measurement_unit"":""un"",""unit_multiplier"":1,""unit_multiplier_un"":0,""measurement_unit_selector"":false} SkuData {""439"":{""ref_id"":""38332"",""cart_limit"":12,""allow_notes"":true,""allow_substitute"":true,""measurement_unit"":""un"",""unit_multiplier"":1,""promotions"":[""58"",""90"",""292"",""294"",""326"",""364"",""366"",""408"",""414"",""416"",""494"",""519"",""1045"",""1065"",""1173"",""1179"",""1183"",""1184"",""1194"",""1196"",""18120"",""146325"",""146326"",""146597"",""146599"",""230560"",""230561"",""251083"",""251084"",""251085"",""251087"",""261935"",""329743"",""348899"",""348900"",""382859"",""490256"",""490257"",""490261"",""490263"",""28328684"",""28328914"",""28329380"",""28330336"",""34700744"",""67507085"",""135779464"",""135780958"",""219593138"",""222132883"",""229823540"",""242805685"",""274021802"",""278732428"",""281157495"",""281456425"",""281497419""],""url_canonical"":"""",""unit_multiplier_un"":0,""measurement_unit_selector"":false,""release_data"":{""date_release"":""07-11-2016 21:13"",""date_release_end"":""07-12-2016 21:13"",""is_new"":false}}} Características Destacadas Tipo de Producto Aceite de Oliva Observaciones y Recomendaciones Origen Nacional Aceite de Oliva El Olivar Extra Virgen 1L Cargando comentarios... El Olivar Referencia : 38332 S/ 68 . 00 Cantidad ＋ － Agregar Certificados Ver todos Características Principales Contiene 1 litro Aceite de oliva Variedad: Extra virgen ¡Van mejor juntos! Estás viendo: Aceite de Oliva El Olivar Extra Virgen 1L Precio Online S/ 68 . 00 + Aceite de Mantequilla Fat Free Pam Spray 141 g Precio Online S/ 33 . 90 Total Juntos: S/ 101.90 agregar juntos Descripción Especificaciones Comentarios Especificaciones técnicas Propiedad Especificación Ver condiciones de promociones Cookies ? ",,7990,,,,unknown,
¡Aún no eres Wong Prime!,"¡Aún no eres Wong Prime! Aprovecha el despacho GRATIS en tus compras de Supermercado desde S/79.90 AQUÍ ¿Que buscas hoy? ¿Cómo quieres recibir tu pedido? Elegir Abarrotes Aceites Aceites de Oliva Aceite de Oliva Extra Virgen Filippo Berio 750ml Configuraciones ProductData {""allow_notes"":true,""allow_substitute"":true,""cart_limit"":""9"",""brandName"":""Filippo Berio"",""brandEcomId"":""325"",""measurement_unit"":""un"",""unit_multiplier"":1,""unit_multiplier_un"":0,""measurement_unit_selector"":false} SkuData {""39282869"":{""ref_id"":""1014186"",""cart_limit"":9,""allow_notes"":true,""allow_substitute"":true,""measurement_unit"":""un"",""unit_multiplier"":1,""promotions"":[""58"",""90"",""292"",""294"",""326"",""364"",""366"",""408"",""414"",""416"",""494"",""519"",""1045"",""1065"",""1173"",""1179"",""1183"",""1184"",""1194"",""1196"",""18120"",""146325"",""146326"",""146597"",""146599"",""230560"",""230561"",""251083"",""251084"",""251085"",""251087"",""261935"",""329743"",""348899"",""348900"",""382859"",""490256"",""490257"",""490261"",""490263"",""28328684"",""28328914"",""28329380"",""28330336"",""34700744"",""67507085"",""135779464"",""135780958"",""242805685"",""281157491"",""281182604""],""url_canonical"":"""",""unit_multiplier_un"":0,""measurement_unit_selector"":false,""release_data"":{""date_release"":""11-10-2024 00:00"",""date_release_end"":""10-11-2024 00:00"",""is_new"":false}}} Características Destacadas Tipo de Producto Aceite de Oliva Aceite de Oliva Extra Virgen Filippo Berio 750ml Filippo Berio Referencia : 1014186 S/ 59 . 90 Cantidad ＋ － Agregar Certificados Ver todos Características Principales Contiene 750ml Aceite de oliva extra virgen ¡Van mejor juntos! Estás viendo: Aceite de Oliva Extra Virgen Filippo Berio 750ml Precio Online S/ 59 . 90 + Aceite de Mantequilla Fat Free Pam Spray 141 g Precio Online S/ 33 . 90 Total Juntos: S/ 93.80 agregar juntos Descripción Especificaciones Comentarios Especificaciones técnicas Propiedad Especificación Ver condiciones de promociones Podrían interesarte Aceite de Oliva El Olivar Virgen Botella 500 ml Precio Online S/ 33 . 90 true Aceite de Oliva Extra Virgen Carbon",,7990,,,,unknown,
¿Cómo quieres recibir tu pedido?,"¿Cómo quieres recibir tu pedido? Elegir 404! No encontramos lo que buscas Buscar por Categoría Wong Prime Bebidas Frutas y Verduras Cuidado del Hogar Lácteos y huevos Panadería Despensa Congelados Carnes y chorizos Descarga HOY nuestra App Cómo comprar Si tienes alguna duda ingresa aquí Nuestras Tiendas Conoce tu tienda más cercana Envíos Conoce nuestros métodos de envío Pagos Conoce nuestros medios de pago ¡SUSCRÍBETE AL NEWSLETTER Y RECIBE OFERTAS! He leído y aceptado la Política de Privacidad y Seguridad y la Políticas de Cookies Suscríbete a nuestro newsletter Suscribir Cookies ? ! i Política general sobre Cookies × En Wong.pe nos preocupamos por mejorar tu experiencia de compra, sin descuidar la protección de tus datos personales. En consecuencia Wong.pe, usa dos tipos de cookies las Funcionales y las de Analítica y Optimización ¿consiente el uso de las cookies? Sí Acepto Configuración de Cookies Política de Cookies",,,,,,unknown,
¡Aún no eres Wong Prime!,"¡Aún no eres Wong Prime! Aprovecha el despacho GRATIS en tus compras de Supermercado desde S/79.90 AQUÍ ¿Que buscas hoy? ¿Cómo quieres recibir tu pedido? Elegir Lácteos Leches Leches Frescas y UHT Leche Semidescremada UHT Laive Sin Lactosa Caja 946ml Configuraciones ProductData {""allow_notes"":true,""allow_substitute"":true,""cart_limit"":""12"",""brandName"":""Laive"",""brandEcomId"":""522"",""measurement_unit"":""un"",""unit_multiplier"":1,""unit_multiplier_un"":0,""measurement_unit_selector"":false} SkuData SkuData Características Destacadas Tipo de Producto Leche Semidescremada Observaciones y Recomendaciones Origen Nacional Leche Semidescremada UHT Laive Sin Lactosa Caja 946ml Laive Referencia : 18478 S/ 6 . 20 Cantidad ＋ － Agregar Certificados Ver todos Características Principales Contiene 946 ml Leche semidescremada UHT Sin lactosa Elaborada con leche 100% de vaca Fuente de calcio Sin preservantes Lista para consumir ¡Van mejor juntos! Estás viendo: Leche Semidescremada UHT Laive Sin Lactosa Caja 946ml Precio Online S/ 6 . 20 + Leche Concentrada Sin Lactosa Laive Botella 400g Precio Online S/ 4 . 80 Total Juntos: S/ 11.00 agregar juntos Descripción Especificaciones Comentarios Especificaciones técnicas Propiedad Especificación Ver condiciones de promociones Podrían interesarte AZUCAR Leche Sabor Chocolate Laive Caja 946ml Precio Online S/ 7 . 20 true Bebida con Avena Gloria Acti Avena Caja 946ml Precio Online S/ 6 . 90 true Alimento Lácteo Fresa Yofresh Botella 330 gr Precio Online S/ 3 . 70 true AZUCAR Leche Fresca de Chocolate Piamonte Botella 950 ml Precio Online S/ 13 . 40 true Bebida Sabor Chocolate Laive Muuu Shake 230ml Precio Online S/ 3 . 50 true Cookies ? ! i Política general sobre Cookies × En Wong.pe nos preocupamos por mejorar tu experiencia de compra, sin descuidar la protección de tus datos personales. En consecuencia Wong.pe, usa dos tipos de cookies las Funcionales y las de Analítica y Optimización ¿consiente el uso de las cookies? Sí Acepto Configuración de Cookies ",,7990,,,,unknown,
¡Aún no eres Wong Prime!,"¡Aún no eres Wong Prime! Aprovecha el despacho GRATIS en tus compras de Supermercado desde S/79.90 AQUÍ ¿Que buscas hoy? ¿Cómo quieres recibir tu pedido? Elegir Lácteos Leches Leches Frescas y UHT Leche Entera Pasteurizada Danlac Botella 900ml Descripción <div class=""wong-wrapper wong-descripcion"" id=""wong_ver_mas""><div class=""wong-desc""><div class=""wong-img""> <img src=""https://wongfood.vteximg.com.br/arquivos/danlac-logo-wong.jpg""></div><h3>La leche de antes, nuestra leche de siempre</h3><p>Antes nuestros papás y abuelos solían <strong>tomar una leche más pura</strong> que <strong>no contenia aditivos</strong>. Hoy podemos disfrutarla una vez más gracias a <strong>Danlac</strong>, que nos ofrece <strong>productos hechos a base de leche</strong> que ha sido ordeñada de <strong>vacas saludables</strong> y son <strong>100% naturales</strong>. Las <strong>leches y yogures</strong> no contienen reconstituyentes químicos, ni preservantes, ni grasas vegetales...<strong>¡Una marca que se preocupa por ti!</strong></p></div><div class=""wong-desc""><div class=""wong-left""> <img src=""https://wongfood.vteximg.com.br/arquivos/danlac-leche-pasteurizada-grande-wong.jpg""></div><div class=""wong-right""><h5>Leche entera</h5><p>Lamentablemente vivimos en una época donde <strong>no podemos contar con un producto lácteo que sea natural</strong> y que no contenga aditivos. Preservantes que nos hacen tanto daño y que no nos nutren como deberían, <strong>pensando en tu salud</strong> es que <strong>Danlac</strong> te ofrece un producto <strong>hecho a base de leche</strong> que ha sido ordeñada de <strong>vacas saludables</strong>.</p></div></div><div class=""wong-desc""><div class=""wong-left""><h5>Rescata los antiguos valores</h5><p>Este atractivo <strong>envase de vidrio</strong> ayuda a <strong>conservar mejor tu producto</strong>, lo mantiene <strong>más frío</strong>, y por lo tanto se <strong>conservará por más tiempo</strong>. Esta <strong>leche entera es pasteurizada</strong> y esta list",,7990,,,,unknown,
¡Aún no eres Wong Prime!,"¡Aún no eres Wong Prime! Aprovecha el despacho GRATIS en tus compras de Supermercado desde S/79.90 AQUÍ ¿Que buscas hoy? ¿Cómo quieres recibir tu pedido? Elegir Lácteos Leches Leches Frescas y UHT Leche Fresca Piamonte Bolsa 950 ml Configuraciones ProductData {""allow_notes"":true,""allow_substitute"":true,""cart_limit"":""12"",""brandName"":""Piamonte"",""brandEcomId"":""715"",""measurement_unit"":""un"",""unit_multiplier"":1,""unit_multiplier_un"":0,""measurement_unit_selector"":false} SkuData {""9922"":{""ref_id"":""543365"",""cart_limit"":12,""allow_notes"":true,""allow_substitute"":true,""measurement_unit"":""un"",""unit_multiplier"":1,""promotions"":[""10062989"",""28328684"",""28328914"",""28329380"",""28330336"",""67507085"",""135779464"",""135780958"",""237242862""],""url_canonical"":"""",""unit_multiplier_un"":0,""measurement_unit_selector"":false,""release_data"":{""date_release"":""24-11-2016 00:00"",""date_release_end"":""24-12-2016 00:00"",""is_new"":false}}} Características Destacadas Tipo de Producto Leche Entera Observaciones y Recomendaciones Origen Nacional Leche Fresca Piamonte Bolsa 950 ml Piamonte Referencia : 543365 S/ 7 . 90 Cantidad ＋ － Agregar Certificados Ver todos ¡Van mejor juntos! Estás viendo: Leche Fresca Piamonte Bolsa 950 ml Precio Online S/ 7 . 90 + -10% Sixpack Leche Reconstituida Gloria Niños Lata 390g Precio Online S/ 23 . 90 Precio regular S/ 26.50 Total Juntos: S/ 31.80 agregar juntos Descripción Información Nutricional Especificaciones Comentarios Especificaciones técnicas Propiedad Especificación Ingredientes Ingredientes Leche entera Ver condiciones de promociones Podrían interesarte AZUCAR Leche Fresca de Chocolate Piamonte Botella 950 ml Precio Online S/ 13 . 40 true AZUCAR Leche Sabor Chocolate Laive Caja 946ml Precio Online S/ 7 . 20 true Shake Capuccino UHT Gloria Frasco 330 ml Precio Online S/ 4 . 50 true Shake Mocaccino UHT Gloria Frasco 330 ml Precio Online S/ 4 . 50 true Bebida con Avena Gloria Acti Avena Caja 946ml Precio Online S/ 6 . 90 true Cookies ? ! i Política general sobre Cookies × En Won",,7990,,,,unknown,
¡Aún no eres Wong Prime!,"¡Aún no eres Wong Prime! Aprovecha el despacho GRATIS en tus compras de Supermercado desde S/79.90 AQUÍ ¿Que buscas hoy? ¿Cómo quieres recibir tu pedido? Elegir Lácteos Leches Leches Frescas y UHT Leche Uht Vigor Bolsa 800ml Configuraciones ProductData {""allow_notes"":true,""allow_substitute"":true,""cart_limit"":""12"",""brandName"":""Vigor"",""brandEcomId"":""970"",""measurement_unit"":""un"",""unit_multiplier"":1,""unit_multiplier_un"":0,""measurement_unit_selector"":false} SkuData {""986683"":{""ref_id"":""976395"",""cart_limit"":12,""allow_notes"":true,""allow_substitute"":true,""measurement_unit"":""un"",""unit_multiplier"":1,""promotions"":[""28328684"",""28328914"",""28329380"",""28330336"",""67507085"",""135779464"",""135780958"",""237242862""],""url_canonical"":null,""unit_multiplier_un"":0,""measurement_unit_selector"":false,""release_data"":{""is_new"":false}}} Características Destacadas Tipo de Producto Leche Entera Beneficios Aporta calcio y fósforo Contenido 800 ml Envase Bolsa Formato Líquido Almacenamiento En lugar fresco y seco Sabor Leche Funciones | Componentes Duración 4 meses Otras Características Pack-Unitario Unitario Surtido Si Observaciones y Recomendaciones Origen Nacional Información Emocional Ingredientes Leche semidescremada Leche Uht Vigor Bolsa 800ml Vigor Referencia : 976395 S/ 4 . 70 Cantidad ＋ － Agregar Certificados Ver todos Características Principales No necesita refrigeración Leche hecha de leche de vaca Contenido: 800 ml ¡Van mejor juntos! Estás viendo: Leche Uht Vigor Bolsa 800ml Precio Online S/ 4 . 70 + -10% Sixpack Leche Reconstituida Gloria Niños Lata 390g Precio Online S/ 23 . 90 Precio regular S/ 26.50 Total Juntos: S/ 28.60 agregar juntos Descripción Información Nutricional Especificaciones Comentarios Especificaciones técnicas Propiedad Especificación Ingredientes Ingredientes Leche semidescremada Puede contener Ingredientes Trazas de Derivados lácteos Ver condiciones de promociones Cookies ? ! i Política general sobre Cookies × En Wong.pe nos preocupamos por mejorar tu experiencia de com",,7990,,,,unknown,
¡Aún no eres Wong Prime!,"¡Aún no eres Wong Prime! Aprovecha el despacho GRATIS en tus compras de Supermercado desde S/79.90 AQUÍ ¿Que buscas hoy? ¿Cómo quieres recibir tu pedido? Elegir Carnes, Aves y Pescados Aves y Huevos Huevos Huevos Clásicos Pardos La Calera 30un Descripción <h2 style=""font-weight: 400;"">Huevos clásicos Pardos La Calera 30 unidades: calidad y frescura garantizada </h2> <p>Los huevos clásicos pardos de <a href=""https://www.wong.pe/carnes-aves-y-pescados/aves-y-huevos/huevos?initialMap=c,c,c&amp;initialQuery=carnes-aves-y-pescados/aves-y-huevos/huevos&amp;map=category-1,category-2,category-3,brand&amp;query=/carnes-aves-y-pescados/aves-y-huevos/huevos/la-calera&amp;searchState"">La Calera</a> en presentación de 30 unidades son perfectos para quienes buscan <strong>huevos frescos y de excelente calidad</strong>.&nbsp;</p> <p>Cada uno es seleccionado cuidadosamente para ofrecerte un producto natural y nutritivo, ideal para todo tipo de <a href=""https://www.wong.pe/carnes-aves-y-pescados/res-y-otras-carnes?srsltid=AfmBOopObQEF13cQFhlfVnNe1PTU_OGTpkHBjV_hKi7xf-EEnZNzqFXK"">preparaciones</a>.</p> <h2 style=""font-weight: 400;"">¿Por qué elegir los huevos pardos de La Calera?</h2> <p>Los <a href=""https://www.wong.pe/huevos-pardos-wong-bandeja-15-unid-2-2/p?srsltid=AfmBOoojVqv5ID0XWjzXox0_NWJ2YGEYPUr9g-BJuPSW6PV2qSCdWfDL"">huevos pardos de La Calera</a> se caracterizan por su sabor auténtico y frescura, gracias a su proceso de producción responsable y controlado. Selecciónalos si buscas ingredientes naturales y de calidad para sus recetas diarias.</p> <p>Además, la presentación de 30 unidades los convierte en una alternativa práctica y económica para familias, restaurantes o quienes disfrutan de <strong>preparar diversas recetas</strong>. Puedes complementar tu compra con <a href=""https://www.wong.pe/frutas-y-verduras/verduras?srsltid=AfmBOooDOeIfT_fduT6Bc5s0PSA6jY6Mzi54_Bhum2haTxe8XdCdJYw1"">vegetales</a> o <a href=""https://www.wong.pe/abarrotes/aceites/aceites-de-oliva?srsltid=AfmB",,7990,,,,unknown,
¡Aún no eres Wong Prime!,"¡Aún no eres Wong Prime! Aprovecha el despacho GRATIS en tus compras de Supermercado desde S/79.90 AQUÍ ¿Que buscas hoy? ¿Cómo quieres recibir tu pedido? Elegir Carnes, Aves y Pescados Aves y Huevos Huevos Huevos Pardos Wong Bandeja 15 Unid Descripción <h2 style=""font-weight: 400;"">Huevos pardos Wong bandeja 15 unid: frescura y sabor único</h2> <p>Los huevos pardos <a href=""https://www.wong.pe/carnes-aves-y-pescados/aves-y-huevos/huevos?initialMap=c,c,c&amp;initialQuery=carnes-aves-y-pescados/aves-y-huevos/huevos&amp;map=category-1,category-2,category-3,brand&amp;query=/carnes-aves-y-pescados/aves-y-huevos/huevos/wong&amp;searchState"">Wong</a> en bandeja de 15 unidades son la <strong>elección perfecta para quienes buscan calidad</strong>, frescura y sabor en su alimentación.&nbsp;</p> <p>La frescura de los <a href=""https://www.wong.pe/huevos-pardos-wong-bandeja-8-unid-2-2/p?srsltid=AfmBOopv7YW_H9SAKhV9zeg46u2xV0QsG6R4CBTJoY1E-fK9FQdzV2Ms"">huevos pardos Wong</a> asegura que cada uno conserve su <strong>sabor natural y propiedades nutricionales</strong>, ideales para disfrutar en cualquier ocasión.</p> <h2 style=""font-weight: 400;"">¿Por qué elegir los huevos pardos Wong? </h2> <p>Los <a href=""https://www.wong.pe/huevos-pardos-premium-wong-10un-2-2/p?srsltid=AfmBOoqMoBDnJx3Dg72LEHavD6tN808ZXPSIiOZ4dGC1_2goc8R54TbK"">huevos pardos Wong</a> ofrecen un sabor auténtico y una <strong>excelente frescura</strong>, garantizados por un proceso de producción responsable.&nbsp;</p> <p>Es para quienes buscan un producto natural y nutritivo. Te proporcionan la energía que necesitas para comenzar el día o disfrutar de una <strong>comida saludable</strong> en cualquier momento. Además, su <a href=""https://www.wong.pe/huevos-de-corral-wong-bandeja-12-unid-2-2/p?srsltid=AfmBOopJERyYVgxxhx9Ct6UqUOjOjS0IbRfE4QlUjJK7GMn-7aIYlJ00"">calidad es alta</a>, asegurando que siempre obtendrás el mejor sabor. Para tus platos preferidos, puedes complementar tu compra con <a href=""https://www.wong.pe/a",,7990,,,,unknown,
0,"0 BUSCAR PRODUCTOS Ingresa 0 $0 M.N Estás en: La Comer Coyoacán La Comer Tecnológico Toluca La Comer Altaria Aguascalientes La Comer Bosque Esmeralda La Comer Bosque Real La Comer CDMX Sur La Comer Cabo San Lucas La Comer Cascada Los Cabos La Comer Coyoacán La Comer Del Valle La Comer Diana Cuernavaca La Comer El Refugio Qro La Comer Estadio Qro La Comer Iguala La Comer Insurgentes La Comer Irapuato La Comer Iztapalapa Las Torres La Comer Juriquilla La Comer Lago Alberto La Comer Las Animas La Comer Lomas Anáhuac La Comer Manzanillo La Comer Morelia La Comer Nuevo Vallarta La Comer Olivar La Comer Pozuelos Guanajuato La Comer Puebla La Comer Pueblo Nuevo Qro La Comer San Juan del Río La Comer San Miguel de Allende La Comer Santa María La Ribera La Comer Tlalpan La Comer Torres de Satélite La Comer Tultitlán La Comer Uruapan La Comer Vallarta Fluvial La Comer Valle Dorado La Comer Villa Coapa La Comer Zaragoza Qro La Comer Álamos Parque Qro La Comer Coyoacán Dirección MIGUEL ANGEL DE QUEVEDO 443, ROMERO DE TERREROS, 4310 COYOACAN, MEXICO, CIUDAD DE MÉXICO ¡Deseo comprar aquí! Toggle navigation Departamentos Departamentos Sitios de Información Monedero Naranja En tu casa Plus La Comer Card Recetas Spooky Season Departamentos Sitios de Información Recetas Spooky Season Estas en: La Comer Coyoacán Inicio Papa Blanca 4639 1 Papa Blanca 4639 1 1 kg REGRESAR $38.90 M.N. kilo Piezas Kg Aproximado Agregar Detalle Descripción Es esencial en cualquier dieta y su versatilidad te permitirá preparar diversos y ricos platillos. Tips y usos Para saber si una papa es de calidad, confirma que sea firme, tenga piel suave y su color sea blanco. Platillos destacados ¿Qué tal un acompañamiento de papas y berenjenas al romero para tu comida de hoy? Además, prepara purés, tortillas, papas fritas o úsala como ingrediente principal de otras recetas. Beneficios Gracias a su contenido en carbohidratos, es una gran fuente natural de energía. x Promociones Cerrar Más información TAMBIÉN TE PUEDE",,0,,,,unknown,
¡Aún no eres Wong Prime!,"¡Aún no eres Wong Prime! Aprovecha el despacho GRATIS en tus compras de Supermercado desde S/79.90 AQUÍ ¿Que buscas hoy? ¿Cómo quieres recibir tu pedido? Elegir Carnes, Aves y Pescados Aves y Huevos Huevos Huevos Pardos Artisan 15un Configuraciones ProductData {""allow_notes"":true,""allow_substitute"":true,""cart_limit"":""8"",""brandName"":""Avinka"",""brandEcomId"":""2001613"",""measurement_unit"":""un"",""unit_multiplier"":1,""unit_multiplier_un"":0,""measurement_unit_selector"":false} SkuData {""39208381"":{""ref_id"":""964245"",""cart_limit"":8,""allow_notes"":true,""allow_substitute"":true,""measurement_unit"":""un"",""unit_multiplier"":1,""promotions"":[""28328684"",""28328914"",""28329380"",""28330336"",""67507085"",""135779464"",""135780958"",""227763735"",""229388623"",""235738984"",""239771262"",""280611909"",""280612408"",""280612409""],""url_canonical"":"""",""unit_multiplier_un"":0,""measurement_unit_selector"":false,""release_data"":{""date_release"":""18-01-2024 00:00"",""date_release_end"":""17-02-2024 00:00"",""is_new"":false}}} Características Destacadas Tipo de Producto Huevos de Gallina Observaciones y Recomendaciones Origen Nacional Huevos Pardos Artisan 15un Avinka Referencia : 964245 S/ 14 . 90 Cantidad ＋ － Agregar Certificados Ver todos Características Principales Cantidad: 15 unidades Huevos pardos Gallinas libres de jaulas Libre de antibióticos ¡Van mejor juntos! Estás viendo: Huevos Pardos Artisan 15un Precio Online S/ 14 . 90 + Filete de Pechuga Artisan x Kg. Libre de Antibióticos S/ 37 . 90 x kg Precio Online S/ 46 . 60 x kg Total Juntos: S/ 35.87 agregar juntos Descripción Especificaciones Comentarios Especificaciones técnicas Propiedad Especificación Ingredientes Ingredientes Huevos pardos Ver condiciones de promociones Podrían interesarte Huevos Gallinas Libres 12un Precio Online S/ 15 . 90 true Huevo de Corral La Calera 12un. Precio Online S/ 14 . 50 true Huevitos de Codorniz Avicod Bandeja 18 Unid Precio Online S/ 8 . 70 true Huevos Pardos Premium Wong 10un Precio Online S/ 12 . 30 true Huevos Pardos Wong Bandeja 8 Unid Pr",,7990,,,,unknown,
¡Aún no eres Wong Prime!,"¡Aún no eres Wong Prime! Aprovecha el despacho GRATIS en tus compras de Supermercado desde S/79.90 AQUÍ ¿Que buscas hoy? ¿Cómo quieres recibir tu pedido? Elegir Carnes, Aves y Pescados Aves y Huevos Huevos Huevos Gallinas Libres 12un Configuraciones ProductData {""allow_notes"":true,""allow_substitute"":true,""cart_limit"":""8"",""brandName"":""La Calera"",""brandEcomId"":""2784"",""measurement_unit"":""un"",""unit_multiplier"":1,""unit_multiplier_un"":0,""measurement_unit_selector"":false} SkuData {""39209964"":{""ref_id"":""969114"",""cart_limit"":8,""allow_notes"":true,""allow_substitute"":true,""measurement_unit"":""un"",""unit_multiplier"":1,""promotions"":[""28328684"",""28328914"",""28329380"",""28330336"",""67507085"",""135779464"",""135780958""],""url_canonical"":"""",""unit_multiplier_un"":0,""measurement_unit_selector"":false,""release_data"":{""is_new"":false}}} Características Destacadas Tipo de Producto Huevos Gallina Libre Observaciones y Recomendaciones Origen Nacional Huevos Gallinas Libres 12un La Calera Referencia : 969114 S/ 15 . 90 Cantidad ＋ － Agregar Certificados Ver todos Características Principales Cantidad: 12 huevos Huevos de gallinas libres Dieta libre de antibióticos Primeros certificados en el Perú en libre pastoreo Descripción Especificaciones Comentarios Especificaciones técnicas Propiedad Especificación Ingredientes Ingredientes Huevo Ver condiciones de promociones Podrían interesarte Huevos Pardos Artisan 15un Precio Online S/ 14 . 90 true Huevo de Corral La Calera 12un. Precio Online S/ 14 . 50 true Huevitos de Codorniz Avicod Bandeja 18 Unid Precio Online S/ 8 . 70 true Huevos Pardos Premium Wong 10un Precio Online S/ 12 . 30 true Huevos Pardos Wong Bandeja 8 Unid Precio Online S/ 6 . 49 true Cookies ? ! i Política general sobre Cookies × En Wong.pe nos preocupamos por mejorar tu experiencia de compra, sin descuidar la protección de tus datos personales. En consecuencia Wong.pe, usa dos tipos de cookies las Funcionales y las de Analítica y Optimización ¿consiente el uso de las cookies? Sí Acepto Confi",,7990,,,,unknown,
¡Aún no eres Wong Prime!,"¡Aún no eres Wong Prime! Aprovecha el despacho GRATIS en tus compras de Supermercado desde S/79.90 AQUÍ ¿Que buscas hoy? ¿Cómo quieres recibir tu pedido? Elegir Carnes, Aves y Pescados Aves y Huevos Huevos Huevos Orgánicos Pachacamac 12un Configuraciones ProductData {""allow_notes"":true,""allow_substitute"":true,""cart_limit"":""12"",""brandName"":""Gen\u00e9rico"",""brandEcomId"":""9619"",""measurement_unit"":""un"",""unit_multiplier"":1,""measurement_unit_selector"":false} SkuData {""39269449"":{""ref_id"":""987749"",""cart_limit"":12,""allow_notes"":true,""allow_substitute"":true,""measurement_unit"":""un"",""unit_multiplier"":1,""promotions"":[""28328684"",""28328914"",""28329380"",""28330336"",""67507085"",""135779464"",""135780958""],""url_canonical"":"""",""measurement_unit_selector"":false,""release_data"":{""is_new"":false}}} Características Destacadas Tipo de Producto Huevos de Gallina Observaciones y Recomendaciones Origen Nacional Huevos Orgánicos Pachacamac 12un Genérico Referencia : 987749 S/ 17 . 50 Cantidad ＋ － Agregar Certificados Ver todos Características Principales Cantidad: 12 huevos Huevos orgánicos 100% orgánico ¡Van mejor juntos! Estás viendo: Huevos Orgánicos Pachacamac 12un Precio Online S/ 17 . 50 + Filete de Pechuga Artisan x Kg. Libre de Antibióticos Precio Online S/ 46 . 60 x kg Total Juntos: S/ 38.47 agregar juntos Descripción Especificaciones Comentarios Especificaciones técnicas Propiedad Especificación Ingredientes Ingredientes Huevos orgánicos Ver condiciones de promociones Podrían interesarte Cookies ? ! i Política general sobre Cookies × En Wong.pe nos preocupamos por mejorar tu experiencia de compra, sin descuidar la protección de tus datos personales. En consecuencia Wong.pe, usa dos tipos de cookies las Funcionales y las de Analítica y Optimización ¿consiente el uso de las cookies? Sí Acepto Configuración de Cookies Política de Cookies Recuerda escribir al menos 3 letras en el cuadro de búsqueda Términos más buscados 1. elvive liso 2. ariel liquido 3. limpiador inodoro harpic 4. busca 5. secr",,7990,,,,unknown,
¡Aún no eres Wong Prime!,"¡Aún no eres Wong Prime! Aprovecha el despacho GRATIS en tus compras de Supermercado desde S/79.90 AQUÍ ¿Que buscas hoy? ¿Cómo quieres recibir tu pedido? Elegir Desayuno Azúcar y Edulcorantes Azúcar Rubia Azúcar Rubia Wong Bolsa 5 kg - 5% Configuraciones ProductData ProductData SkuData {""7086"":{""ref_id"":""166858"",""cart_limit"":12,""allow_notes"":true,""allow_substitute"":true,""measurement_unit"":""un"",""unit_multiplier"":1,""promotions"":[""266"",""685"",""697"",""1057"",""1057"",""461775"",""10067607"",""19144002"",""28328684"",""28328914"",""28329380"",""28330336"",""67507085"",""135779464"",""219639122"",""219743564"",""227999630"",""229388611"",""232067533"",""235804942"",""237242861"",""238762863"",""242293317"",""280439277""],""url_canonical"":"""",""unit_multiplier_un"":0,""measurement_unit_selector"":false,""release_data"":{""date_release"":""07-11-2016 00:00"",""date_release_end"":""07-12-2016 00:00"",""is_new"":false}}} Características Destacadas Tipo de Producto Azúcar Rubia Observaciones y Recomendaciones Origen Nacional Azúcar Rubia Wong Bolsa 5 kg Wong Referencia : 166858 - 5% S/ 18 . 90 S/ 19 . 90 Cantidad ＋ － Agregar Certificados Ver todos Descripción Información Nutricional Especificaciones Comentarios Especificaciones técnicas Propiedad Especificación Ingredientes Ingredientes Jugo de caña de azúcar Ver condiciones de promociones Cookies ? ! i Política general sobre Cookies × En Wong.pe nos preocupamos por mejorar tu experiencia de compra, sin descuidar la protección de tus datos personales. En consecuencia Wong.pe, usa dos tipos de cookies las Funcionales y las de Analítica y Optimización ¿consiente el uso de las cookies? Sí Acepto Configuración de Cookies Política de Cookies Recuerda escribir al menos 3 letras en el cuadro de búsqueda Términos más buscados 1. elvive liso 2. ariel liquido 3. limpiador inodoro harpic 4. busca 5. secret clinical Marcas sugeridas",,7990,,,,unknown,
¡Aún no eres Wong Prime!,"¡Aún no eres Wong Prime! Aprovecha el despacho GRATIS en tus compras de Supermercado desde S/79.90 AQUÍ ¿Que buscas hoy? ¿Cómo quieres recibir tu pedido? Elegir Desayuno Azúcar y Edulcorantes Azúcar Rubia Azúcar Rubia Dulfina Bolsa 2 kg Configuraciones ProductData ProductData SkuData {""7094"":{""ref_id"":""371932"",""cart_limit"":12,""allow_notes"":true,""allow_substitute"":true,""measurement_unit"":""un"",""unit_multiplier"":1,""promotions"":[""171"",""284"",""28328684"",""28328914"",""28329380"",""28330336"",""67507085"",""135779464""],""url_canonical"":"""",""unit_multiplier_un"":0,""measurement_unit_selector"":false,""release_data"":{""date_release"":""07-11-2016 00:00"",""date_release_end"":""07-12-2016 00:00"",""is_new"":false}}} Características Destacadas Tipo de Producto Azúcar Rubia Observaciones y Recomendaciones Origen Nacional Azúcar Rubia Dulfina Bolsa 2 kg Cargando comentarios... Referencia : 371932 S/ 9 . 80 Cantidad ＋ － Agregar Certificados Ver todos Descripción Información Nutricional Especificaciones Comentarios Especificaciones técnicas Propiedad Especificación Ingredientes Ingredientes Caña de azúcar Ver condiciones de promociones Cookies ? ! i Política general sobre Cookies × En Wong.pe nos preocupamos por mejorar tu experiencia de compra, sin descuidar la protección de tus datos personales. En consecuencia Wong.pe, usa dos tipos de cookies las Funcionales y las de Analítica y Optimización ¿consiente el uso de las cookies? Sí Acepto Configuración de Cookies Política de Cookies",,7990,,,,unknown,
¡Aún no eres Wong Prime!,"¡Aún no eres Wong Prime! Aprovecha el despacho GRATIS en tus compras de Supermercado desde S/79.90 AQUÍ ¿Que buscas hoy? ¿Cómo quieres recibir tu pedido? Elegir 404! No encontramos lo que buscas Buscar por Categoría Wong Prime Bebidas Frutas y Verduras Cuidado del Hogar Lácteos y huevos Panadería Despensa Congelados Carnes y chorizos Descarga HOY nuestra App Cómo comprar Si tienes alguna duda ingresa aquí Nuestras Tiendas Conoce tu tienda más cercana Envíos Conoce nuestros métodos de envío Pagos Conoce nuestros medios de pago ¡SUSCRÍBETE AL NEWSLETTER Y RECIBE OFERTAS! He leído y aceptado la Política de Privacidad y Seguridad y la Políticas de Cookies Suscríbete a nuestro newsletter Suscribir Cookies ? ! i Política general sobre Cookies × En Wong.pe nos preocupamos por mejorar tu experiencia de compra, sin descuidar la protección de tus datos personales. En consecuencia Wong.pe, usa dos tipos de cookies las Funcionales y las de Analítica y Optimización ¿consiente el uso de las cookies? Sí Acepto Configuración de Cookies Política de Cookies Recuerda escribir al menos 3 letras en el cuadro de búsqueda Términos más buscados 1. elvive liso 2. ariel liquido 3. limpiador inodoro harpic 4. busca 5. secret clinical Marcas sugeridas",,7990,,,,unknown,
¡Aún no eres Wong Prime!,"¡Aún no eres Wong Prime! Aprovecha el despacho GRATIS en tus compras de Supermercado desde S/79.90 AQUÍ ¿Que buscas hoy? ¿Cómo quieres recibir tu pedido? Elegir Desayuno Azúcar y Edulcorantes Azúcar Rubia Azúcar Rubia Cuisine & Co 1kg Configuraciones ProductData {""allow_notes"":true,""allow_substitute"":true,""cart_limit"":""9"",""brandName"":""Cuisine & Co"",""brandEcomId"":""9885"",""measurement_unit"":""un"",""unit_multiplier"":1,""unit_multiplier_un"":0,""measurement_unit_selector"":false} SkuData {""39174539"":{""ref_id"":""902154"",""cart_limit"":9,""allow_notes"":true,""allow_substitute"":true,""measurement_unit"":""un"",""unit_multiplier"":1,""promotions"":[""28328684"",""28328914"",""28329380"",""28330336"",""67507085"",""135779464"",""202166997"",""220132509"",""220132511"",""220718954"",""224173686"",""224190027"",""228744547"",""228842063"",""228854264"",""229363372"",""230312945"",""232931212"",""234101583"",""235771449"",""235771460"",""237242860"",""237242861"",""244963269"",""256766770"",""267227017""],""url_canonical"":"""",""unit_multiplier_un"":0,""measurement_unit_selector"":false,""release_data"":{""date_release"":""28-06-2021 00:00"",""date_release_end"":""28-07-2021 00:00"",""is_new"":false}}} Características Destacadas Tipo de Producto Azúcar Rubia Observaciones y Recomendaciones Origen Nacional Azúcar Rubia Cuisine & Co 1kg Cuisine & Co Referencia : 902154 S/ 4 . 50 Cantidad ＋ － Agregar Certificados Ver todos Características Principales Contiene 1 kilo Azúcar rubia ¡Van mejor juntos! Estás viendo: Azúcar Rubia Cuisine & Co 1kg Precio Online S/ 4 . 50 + Azúcar Blanca Paramonga Bolsa 1 kg Precio Online S/ 5 . 80 Total Juntos: S/ 10.30 agregar juntos Descripción Especificaciones Comentarios Especificaciones técnicas Propiedad Especificación Ver condiciones de promociones Podrían interesarte Panela Orgánica Cuisine & Co 1kg Precio Online S/ 14 . 60 true Azúcar rubia light Onza Con Stevia Doy Pack 500 g Precio Online S/ 7 . 30 true Panela Orgánica Granulada Panela de Piura Frasco 200 g Precio Online S/ 23 . 90 true Azúcar de Coco Orgánico Coco-Sugar Doypack 454",,7990,,,,unknown,
Cookies,"Cookies ? ! i Política general sobre Cookies × En Wong.pe nos preocupamos por mejorar tu experiencia de compra, sin descuidar la protección de tus datos personales. En consecuencia Wong.pe, usa dos tipos de cookies las Funcionales y las de Analítica y Optimización ¿consiente el uso de las cookies? Sí Acepto Configuración de Cookies Política de Cookies",,,,,,unknown,
¡Aún no eres Wong Prime!,"¡Aún no eres Wong Prime! Aprovecha el despacho GRATIS en tus compras de Supermercado desde S/79.90 AQUÍ ¿Que buscas hoy? ¿Cómo quieres recibir tu pedido? Elegir Desayuno Panes y Tortillas Empacadas Panes Embolsados Pan de Molde Blanco Bimbo XL 770g Configuraciones ProductData {""allow_notes"":true,""allow_substitute"":true,""cart_limit"":""9"",""brandName"":""Bimbo"",""brandEcomId"":""76"",""measurement_unit"":""un"",""unit_multiplier"":1,""measurement_unit_selector"":false} SkuData {""39309550"":{""ref_id"":""1033017"",""cart_limit"":9,""allow_notes"":true,""allow_substitute"":true,""measurement_unit"":""un"",""unit_multiplier"":1,""promotions"":[""28328684"",""28328914"",""28329380"",""28330336"",""67507085"",""135779464"",""236608015"",""237242861"",""237381699""],""url_canonical"":null,""measurement_unit_selector"":false,""release_data"":{""is_new"":false}}} Características Destacadas Tipo de Producto Pan Blanco Observaciones y Recomendaciones Origen Nacional Pan de Molde Blanco Bimbo XL 770g Bimbo Referencia : 1033017 S/ 12 . 20 Cantidad ＋ － Agregar Certificados Ver todos Características Principales Contiene 770 gramos Con rebanadas más grandes Con una textura más suave y esponjosa Con fuente de vitamina D y proteína ¡Van mejor juntos! Estás viendo: Pan de Molde Blanco Bimbo XL 770g Precio Online S/ 12 . 20 + -14% Galletas de Maíz Horneadas Salmas Granos y Semillas 126g Precio Online S/ 9 . 90 Precio regular S/ 11.50 Total Juntos: S/ 22.10 agregar juntos Descripción Información Nutricional Especificaciones Comentarios Especificaciones técnicas Propiedad Especificación Ingredientes Ingredientes Harina de trigo, Hierro, Tiamina, Riboflavina, Niacina, ácido fólico, Levadura, Azúcar, Gluten de trigo, Grasa vegetal, Sal, Sustancia conservadora sin 282, Sustancia conservadora sin 200, Sustancia conservadora sin 202, Emulsionante sin 471, Emulsionante sin 472e, Regulador de acidez sin 270, Vitamina d, Agente de tratamiento de las harinas sin 300, Fibra de trigo, Gluten, Soya Puede contener Ingredientes Trazas de Leche, Derivados de lech",,7990,,,,unknown,
¡Aún no eres Wong Prime!,"¡Aún no eres Wong Prime! Aprovecha el despacho GRATIS en tus compras de Supermercado desde S/79.90 AQUÍ ¿Que buscas hoy? ¿Cómo quieres recibir tu pedido? Elegir Desayuno Panes y Tortillas Empacadas Panes Embolsados Pan de Molde de Semillas Bimbo Vital Bolsa 360 g - 5% Configuraciones ProductData {""allow_notes"":false,""allow_substitute"":false,""cart_limit"":""12"",""brandName"":""Bimbo"",""brandEcomId"":""76"",""measurement_unit"":""un"",""unit_multiplier"":1,""unit_multiplier_un"":0,""measurement_unit_selector"":false} SkuData {""39173043"":{""ref_id"":""930951"",""cart_limit"":12,""allow_notes"":true,""allow_substitute"":true,""measurement_unit"":""un"",""unit_multiplier"":1,""promotions"":[""28328684"",""28328914"",""28329380"",""28330336"",""67507085"",""135779464"",""204212496"",""219394756"",""225862547"",""236608015"",""237242861"",""237381699"",""243024142"",""264452598"",""267305665"",""271668737"",""273883892"",""277232063"",""279502480""],""url_canonical"":"""",""unit_multiplier_un"":0,""measurement_unit_selector"":false,""release_data"":{""date_release"":""02-06-2021 00:00"",""date_release_end"":""02-07-2021 00:00"",""is_new"":false}}} Características Destacadas Tipo de Producto Pan de Molde Integral Observaciones y Recomendaciones Origen Nacional Pan de Molde de Semillas Bimbo Vital Bolsa 360 g Bimbo Referencia : 930951 - 5% S/ 10 . 90 S/ 11 . 50 Cantidad ＋ － Agregar Certificados Ver todos Descripción Información Nutricional Especificaciones Comentarios Especificaciones técnicas Propiedad Especificación Ingredientes Ingredientes Harina de trigo fortificada, Hierro, Tiamina, Riboflavina, Niacina, ácido fólico, Semilla de linaza, Semilla de girasol, Semilla de chía, Levadura, Azúcar, Gluten de trigo, Avena en hojuelas 2%, Harina de trigo fermentada, Hierro, Tiamina, Riboflavina, Niacina, ácido fólico, Fibra de avena, Aceite vegetal, Sal, Regulador de acidez ácido láctico, Harina de cebada malteada y torrefactada, Suero de leche en polvo, Gluten, Leche, Soya Ver condiciones de promociones Podrían interesarte - 10% Filete de Pechuga de Pollo x kg Precio Onl",,7990,,,,unknown,
0,"0 BUSCAR PRODUCTOS Ingresa 0 $0 M.N Estás en: La Comer Coyoacán La Comer Tecnológico Toluca La Comer Altaria Aguascalientes La Comer Bosque Esmeralda La Comer Bosque Real La Comer CDMX Sur La Comer Cabo San Lucas La Comer Cascada Los Cabos La Comer Coyoacán La Comer Del Valle La Comer Diana Cuernavaca La Comer El Refugio Qro La Comer Estadio Qro La Comer Iguala La Comer Insurgentes La Comer Irapuato La Comer Iztapalapa Las Torres La Comer Juriquilla La Comer Lago Alberto La Comer Las Animas La Comer Lomas Anáhuac La Comer Manzanillo La Comer Morelia La Comer Nuevo Vallarta La Comer Olivar La Comer Pozuelos Guanajuato La Comer Puebla La Comer Pueblo Nuevo Qro La Comer San Juan del Río La Comer San Miguel de Allende La Comer Santa María La Ribera La Comer Tlalpan La Comer Torres de Satélite La Comer Tultitlán La Comer Uruapan La Comer Vallarta Fluvial La Comer Valle Dorado La Comer Villa Coapa La Comer Zaragoza Qro La Comer Álamos Parque Qro La Comer Coyoacán Dirección MIGUEL ANGEL DE QUEVEDO 443, ROMERO DE TERREROS, 4310 COYOACAN, MEXICO, CIUDAD DE MÉXICO ¡Deseo comprar aquí! Toggle navigation Departamentos Departamentos Sitios de Información Monedero Naranja En tu casa Plus La Comer Card Recetas Spooky Season Departamentos Sitios de Información Recetas Spooky Season Estas en: La Comer Coyoacán Inicio Cebolla Blanca 4639 1 Cebolla Blanca 4639 1 1 kg REGRESAR $32.90 M.N. kilo Piezas Kg Aproximado Agregar Detalle Descripción Tienen una vida útil relativamente corta, su sabor suave es distintivo de esta variedad. Tips y usos Son perfectas para comer crudas o asadas, tiene una amplia variedad de usos en guisos, sopas, carnes y ensaladas, por lo que es un básico en la cocina mexicana. Platillos destacados Uno de los platillos más comunes que tiene como protagonista a la cebolla es la tinga, un platillo muy mexicano. Beneficios Esta hortaliza ayuda a aliviar y combatir enfermedades respiratorias y cardiovasculares, también mejora la circulación sanguínea. x Promociones Cer",,0,,,,unknown,
¡Aún no eres Wong Prime!,"¡Aún no eres Wong Prime! Aprovecha el despacho GRATIS en tus compras de Supermercado desde S/79.90 AQUÍ ¿Que buscas hoy? ¿Cómo quieres recibir tu pedido? Elegir Panadería y Pastelería La Panadería Panes Embolsados Pan de Molde Brioche Wong 300g - 15% Configuraciones ProductData {""allow_notes"":true,""allow_substitute"":true,""cart_limit"":""12"",""brandName"":""Wong"",""brandEcomId"":""994"",""measurement_unit"":""un"",""unit_multiplier"":1,""unit_multiplier_un"":0,""measurement_unit_selector"":false} SkuData {""39205567"":{""ref_id"":""926991"",""cart_limit"":12,""allow_notes"":true,""allow_substitute"":true,""measurement_unit"":""un"",""unit_multiplier"":1,""promotions"":[""1057"",""461775"",""10067607"",""28328684"",""28328914"",""28329380"",""28330336"",""34091488"",""62952141"",""62952691"",""219686212"",""219686213"",""237242861""],""url_canonical"":"""",""unit_multiplier_un"":0,""measurement_unit_selector"":false,""release_data"":{""is_new"":false}}} Pan de Molde Brioche Wong 300g Wong Referencia : 926991 - 15% S/ 8 . 07 S/ 9 . 50 Cantidad ＋ － Agregar Certificados Ver todos Características Principales Contiene 300 gramos Pan de molde brioche Con semillas de ajonjolí ¡Van mejor juntos! Estás viendo: -15% Pan de Molde Brioche Wong 300g Precio Online S/ 8 . 07 Precio regular S/ 9.50 + Pan de la Casa 5 un Precio Online S/ 2 . 00 Total Juntos: S/ 10.07 agregar juntos Descripción Especificaciones Comentarios Especificaciones técnicas Propiedad Especificación Ingredientes Ingredientes Harina de trigo fortificada, Hierro, Tiamina, Riboflavina, Niacina, ácido fólico, Huevo, Azúcar, Manteca vegetal de palma, Aceite vegetal refinado de palma, Agua, Sal, Regulador de acidez (sin 330), Colorante (sin 160 a(iii)), Leche fresca, Agua, Levadura, Emulsionante (sin 471), Sal, Agente de tratamiento de las harinas (sin 300), Agente de tratamiento de las harinas (sin 1100), Saborizante (sin 150 d), Ajonjolí, Sustancia conservadora (sin 282), Sustancia conservadora (sin 211), Gluten (trigo), Leche Puede contener Ingredientes Trazas de Nueces Ver condiciones de p",,7990,,,,unknown,
¡Aún no eres Wong Prime!,"¡Aún no eres Wong Prime! Aprovecha el despacho GRATIS en tus compras de Supermercado desde S/79.90 AQUÍ ¿Que buscas hoy? ¿Cómo quieres recibir tu pedido? Elegir Panadería y Pastelería La Panadería Panes Especiales Pan de Molde de Camote Yoy Sin Azúcar 400g Pan de Molde de Camote Yoy Sin Azúcar 400g Cargando comentarios... Referencia : 1026507 S/ 16 . 90 Cantidad ＋ － Agregar Certificados Ver todos Características Principales Contiene 400 gramos Rinde hasta 12 porciones Pan con camote Sin azúcar añadida Libre de lácteos Producto vegano Cookies ? ! i Política general sobre Cookies × En Wong.pe nos preocupamos por mejorar tu experiencia de compra, sin descuidar la protección de tus datos personales. En consecuencia Wong.pe, usa dos tipos de cookies las Funcionales y las de Analítica y Optimización ¿consiente el uso de las cookies? Sí Acepto Configuración de Cookies Política de Cookies",,7990,,,,unknown,
¡Aún no eres Wong Prime!,"¡Aún no eres Wong Prime! Aprovecha el despacho GRATIS en tus compras de Supermercado desde S/79.90 AQUÍ ¿Que buscas hoy? ¿Cómo quieres recibir tu pedido? Elegir Desayuno Panes y Tortillas Empacadas Panes Embolsados Pan de Molde Don Mamino Blanco Sin Corteza Bolsa 560 g - 15% Configuraciones ProductData {""allow_notes"":false,""allow_substitute"":false,""cart_limit"":""12"",""brandName"":""Don Mamino"",""brandEcomId"":""254"",""measurement_unit"":""un"",""unit_multiplier"":1,""unit_multiplier_un"":0,""measurement_unit_selector"":false} SkuData {""8714"":{""ref_id"":""286017"",""cart_limit"":12,""allow_notes"":true,""allow_substitute"":true,""measurement_unit"":""un"",""unit_multiplier"":1,""promotions"":[""173"",""280"",""19142345"",""28328684"",""28328914"",""28329380"",""28330336"",""67507085"",""135779464"",""219593149"",""219957582"",""222138721"",""223846551"",""224997024"",""225520146"",""226458889"",""228660015"",""235361761"",""236608015"",""237242861"",""237381699"",""280378262""],""url_canonical"":"""",""unit_multiplier_un"":0,""measurement_unit_selector"":false,""release_data"":{""date_release"":""10-11-2016 00:00"",""date_release_end"":""10-12-2016 00:00"",""is_new"":false}}} Características Destacadas Tipo de Producto Pan de Molde Blanco Observaciones y Recomendaciones Origen Nacional Pan de Molde Don Mamino Blanco Sin Corteza Bolsa 560 g Don Mamino Referencia : 286017 - 15% S/ 11 . 50 S/ 13 . 50 Cantidad ＋ － Agregar Certificados Ver todos ¡Van mejor juntos! Estás viendo: -15% Pan de Molde Don Mamino Blanco Sin Corteza Bolsa 560 g Precio Online S/ 11 . 50 Precio regular S/ 13.50 + -14% Galletas de Maíz Horneadas Salmas Granos y Semillas 126g Precio Online S/ 9 . 90 Precio regular S/ 11.50 Total Juntos: S/ 21.40 agregar juntos Descripción Especificaciones Comentarios Especificaciones técnicas Propiedad Especificación Ver condiciones de promociones Podrían interesarte Pan de Molde Blanco Bimbo Cero Cero 530g Precio Online S/ 12 . 50 true Pan para Hamburguesa Sin Gluten Molinos del Mundo Bolsa 300 g Precio Online S/ 16 . 50 true Pan Pita Linaza Bimbo Bolsa 10 unid ",,7990,,,,unknown,
¡Aún no eres Wong Prime!,"¡Aún no eres Wong Prime! Aprovecha el despacho GRATIS en tus compras de Supermercado desde S/79.90 AQUÍ ¿Que buscas hoy? ¿Cómo quieres recibir tu pedido? Elegir Abarrotes Fideos, Pastas y Salsas Fideos Largos Spaghetti Don Vittorio 950g - 15% Configuraciones ProductData {""allow_notes"":false,""allow_substitute"":false,""cart_limit"":""12"",""brandName"":""Don Vittorio"",""brandEcomId"":""257"",""measurement_unit"":""un"",""unit_multiplier"":1,""unit_multiplier_un"":0,""measurement_unit_selector"":false} SkuData {""39206430"":{""ref_id"":""962240"",""cart_limit"":12,""allow_notes"":true,""allow_substitute"":true,""measurement_unit"":""un"",""unit_multiplier"":1,""promotions"":[""90"",""292"",""294"",""326"",""364"",""366"",""414"",""416"",""519"",""1045"",""1065"",""1173"",""1179"",""1183"",""1184"",""1194"",""1196"",""18101"",""146325"",""146326"",""146597"",""146599"",""251083"",""251084"",""251085"",""251087"",""329743"",""382859"",""490256"",""490257"",""490261"",""490263"",""28328684"",""28328914"",""28329380"",""28330336"",""67507085"",""135779464"",""135780958"",""259130870"",""265563706"",""268674965"",""268674986""],""url_canonical"":"""",""unit_multiplier_un"":0,""measurement_unit_selector"":false,""release_data"":{""is_new"":false}}} Características Destacadas Tipo de Producto Spaghettis Observaciones y Recomendaciones Origen Nacional Spaghetti Don Vittorio 950g Don Vittorio Referencia : 962240 - 15% S/ 5 . 30 S/ 6 . 20 Cantidad ＋ － Agregar Certificados Ver todos Características Principales Contiene 950 gramos Pasta de trigo Tipo: Spaghetti Descripción Información Nutricional Especificaciones Comentarios Especificaciones técnicas Propiedad Especificación Ingredientes Ingredientes Sémola de trigo seleccionada, Hierro, Niacina, Tiamina, Riboflavina, ácido fólico, Harina de trigo seleccionado, Hierro, Niacina, Tiamina, Riboflavina, ácido fólico, Colorante betacarotenos vegetales, Gluten Puede contener Ingredientes Trazas de Huevo Ver condiciones de promociones Cookies ? ! i Política general sobre Cookies × En Wong.pe nos preocupamos por mejorar tu experiencia de compra, sin descuidar la protección d",,7990,,,,unknown,
¡Aún no eres Wong Prime!,"¡Aún no eres Wong Prime! Aprovecha el despacho GRATIS en tus compras de Supermercado desde S/79.90 AQUÍ ¿Que buscas hoy? ¿Cómo quieres recibir tu pedido? Elegir Abarrotes Fideos, Pastas y Salsas Fideos al Huevo y Especiales Pasta Spaghetti Sin Gluten La Molisana Bolsa 400 g Configuraciones ProductData {""allow_notes"":false,""allow_substitute"":false,""cart_limit"":""12"",""brandName"":""La Molisana"",""brandEcomId"":""2001020"",""measurement_unit"":""un"",""unit_multiplier"":1,""unit_multiplier_un"":0,""measurement_unit_selector"":false} SkuData {""39140373"":{""ref_id"":""712505"",""cart_limit"":12,""allow_notes"":true,""allow_substitute"":true,""measurement_unit"":""un"",""unit_multiplier"":1,""promotions"":[""90"",""292"",""294"",""326"",""364"",""366"",""414"",""416"",""519"",""1045"",""1065"",""1173"",""1179"",""1183"",""1184"",""1194"",""1196"",""146325"",""146326"",""146597"",""146599"",""251083"",""251084"",""251085"",""251087"",""329743"",""382859"",""490256"",""490257"",""490261"",""490263"",""28328684"",""28328914"",""28329380"",""28330336"",""67507085"",""93861647"",""132010788"",""135779464"",""135780958"",""146775146"",""158471443"",""180092245"",""192181710"",""219736362"",""220004860"",""221033288"",""221560242"",""221861927"",""223048406"",""228842048"",""236288185"",""243283247"",""248508340"",""252801277"",""253634986"",""253634987"",""256070217"",""256766752"",""265563703"",""265848366"",""268015536""],""url_canonical"":"""",""unit_multiplier_un"":0,""measurement_unit_selector"":false,""release_data"":{""date_release"":""13-08-2019 00:00"",""date_release_end"":""12-09-2019 00:00"",""is_new"":false}}} Características Destacadas Tipo de Producto Fideos Largos Observaciones y Recomendaciones Origen Importado Pasta Spaghetti Sin Gluten La Molisana Bolsa 400 g La Molisana Referencia : 712505 S/ 15 . 90 Cantidad ＋ － Agregar Certificados Ver todos Características Principales Contiene 400 gramos Pasta a base de maíz, quinua y arroz integral Tipo de pasta: Spaguetti Nro 15 Tiempo de preparación: 10 minutos Absorben y retienen todo tipo de pastas Sin gluten GMO Free: Producto no transgénico ¡Van mejor juntos! Estás viendo: Pasta Spaghetti Si",,7990,,,,unknown,
¡Aún no eres Wong Prime!,"¡Aún no eres Wong Prime! Aprovecha el despacho GRATIS en tus compras de Supermercado desde S/79.90 AQUÍ ¿Que buscas hoy? ¿Cómo quieres recibir tu pedido? Elegir Abarrotes Fideos, Pastas y Salsas Fideos Largos Spaghetti Nro 5 Barilla Caja 500 g Configuraciones ProductData {""allow_notes"":true,""allow_substitute"":true,""cart_limit"":""12"",""brandName"":""Barilla"",""brandEcomId"":""65"",""measurement_unit"":""un"",""unit_multiplier"":1,""unit_multiplier_un"":0,""measurement_unit_selector"":false} SkuData {""2720"":{""ref_id"":""113237"",""cart_limit"":12,""allow_notes"":true,""allow_substitute"":true,""measurement_unit"":""un"",""unit_multiplier"":1,""promotions"":[""90"",""292"",""294"",""326"",""364"",""366"",""414"",""416"",""519"",""1045"",""1065"",""1173"",""1179"",""1183"",""1184"",""1194"",""1196"",""18101"",""146325"",""146326"",""146597"",""146599"",""251083"",""251084"",""251085"",""251087"",""329743"",""382859"",""490256"",""490257"",""490261"",""490263"",""14939166"",""28328684"",""28328914"",""28329380"",""28330336"",""67507085"",""135779464"",""135780958"",""221308530""],""url_canonical"":"""",""unit_multiplier_un"":0,""measurement_unit_selector"":false,""release_data"":{""date_release"":""07-11-2016 21:10"",""date_release_end"":""07-12-2016 21:10"",""is_new"":false}}} Características Destacadas Tipo de Producto Fideos Largos Observaciones y Recomendaciones Origen Nacional Spaghetti Nro 5 Barilla Caja 500 g Barilla Referencia : 113237 S/ 14 . 50 Cantidad ＋ － Agregar Certificados Ver todos Descripción Información Nutricional Especificaciones Comentarios Especificaciones técnicas Propiedad Especificación Ingredientes Ingredientes Sémola de trigo duro, Gluten Puede contener Ingredientes Trazas de Soja Ver condiciones de promociones Cookies ? ! i Política general sobre Cookies × En Wong.pe nos preocupamos por mejorar tu experiencia de compra, sin descuidar la protección de tus datos personales. En consecuencia Wong.pe, usa dos tipos de cookies las Funcionales y las de Analítica y Optimización ¿consiente el uso de las cookies? Sí Acepto Configuración de Cookies Política de Cookies Recuerda escribir al",,7990,,,,unknown,
Cookies,"Cookies ? ! i Política general sobre Cookies × En Wong.pe nos preocupamos por mejorar tu experiencia de compra, sin descuidar la protección de tus datos personales. En consecuencia Wong.pe, usa dos tipos de cookies las Funcionales y las de Analítica y Optimización ¿consiente el uso de las cookies? Sí Acepto Configuración de Cookies Política de Cookies",,,,,,unknown,
¡Aún no eres Wong Prime!,"¡Aún no eres Wong Prime! Aprovecha el despacho GRATIS en tus compras de Supermercado desde S/79.90 AQUÍ ¿Que buscas hoy? ¿Cómo quieres recibir tu pedido? Elegir Abarrotes Fideos, Pastas y Salsas Fideos Largos Fideos Cuisine &Co Spaguetti 950g Características Destacadas Tipo de Producto Fideos Largos Observaciones y Recomendaciones Origen Nacional Fideos Cuisine &Co Spaguetti 950g Cuisine & Co Referencia : 983144 S/ 5 . 40 Cantidad ＋ － Agregar Certificados Ver todos Características Principales Contiene 950 gramos Elaborados a base de trigo seleccionado Tiempo de cocción: 9 a 11 minutos Descripción Información Nutricional Especificaciones Comentarios Especificaciones técnicas Propiedad Especificación Ingredientes Ingredientes Sémola de trigo durum, Harina de trigo duro fortificada, Hierro, Niacina, Tiamina, Riboflavina, ácido fólico, Gluten (trigo) Ver condiciones de promociones Cookies ? ! i Política general sobre Cookies × En Wong.pe nos preocupamos por mejorar tu experiencia de compra, sin descuidar la protección de tus datos personales. En consecuencia Wong.pe, usa dos tipos de cookies las Funcionales y las de Analítica y Optimización ¿consiente el uso de las cookies? Sí Acepto Configuración de Cookies Política de Cookies Recuerda escribir al menos 3 letras en el cuadro de búsqueda Términos más buscados 1. elvive liso 2. ariel liquido 3. limpiador inodoro harpic 4. busca 5. secret clinical Marcas sugeridas",,7990,,,,unknown,
¡Aún no eres Wong Prime!,"¡Aún no eres Wong Prime! Aprovecha el despacho GRATIS en tus compras de Supermercado desde S/79.90 AQUÍ ¿Que buscas hoy? ¿Cómo quieres recibir tu pedido? Elegir 404! No encontramos lo que buscas Buscar por Categoría Wong Prime Bebidas Frutas y Verduras Cuidado del Hogar Lácteos y huevos Panadería Despensa Congelados Carnes y chorizos Descarga HOY nuestra App Cómo comprar Si tienes alguna duda ingresa aquí Nuestras Tiendas Conoce tu tienda más cercana Envíos Conoce nuestros métodos de envío Pagos Conoce nuestros medios de pago ¡SUSCRÍBETE AL NEWSLETTER Y RECIBE OFERTAS! He leído y aceptado la Política de Privacidad y Seguridad y la Políticas de Cookies Suscríbete a nuestro newsletter Suscribir Cookies ? ! i Política general sobre Cookies × En Wong.pe nos preocupamos por mejorar tu experiencia de compra, sin descuidar la protección de tus datos personales. En consecuencia Wong.pe, usa dos tipos de cookies las Funcionales y las de Analítica y Optimización ¿consiente el uso de las cookies? Sí Acepto Configuración de Cookies Política de Cookies",,7990,,,,unknown,
¡Aún no eres Wong Prime!,"¡Aún no eres Wong Prime! Aprovecha el despacho GRATIS en tus compras de Supermercado desde S/79.90 AQUÍ ¿Que buscas hoy? ¿Cómo quieres recibir tu pedido? Elegir Abarrotes Alimentos en Conserva Pescado en Conserva Lomos de Atún en Agua y Sal Campomar 150g Descripción <div class=""wong-wrapper wong-descripcion"" id=""wong_ver_mas""><div class=""wong-desc""><div class=""wong-img""> <img src=""https://wongfood.vteximg.com.br/arquivos/campomar-logo-wong.jpg""></div><h3>Del mar a tu mesa</h3><p>La marca peruana <b>Campomar</b> forma parte del sello <b>Hayduk Corporación</b> que se dedica a la <b>producción de conservas de pescado</b>, como atún, jurel, anchoveta y caballa. Todos estos <b>insumos</b> se pescan en la <b>flota propia</b> de la empresa y luego se derivan a la planta donde pasarán diversos <b>procesos</b>, los cuales cuentan con <b>certificación de calidad</b>. Posee una amplia <b>línea de productos</b>, donde encontrarás uno ideal a tu gusto.</p></div><div class=""wong-desc""><div class=""wong-left""> <img src=""https://wongfood.vteximg.com.br/arquivos/campomar- filete-atun-lomos-conserva-wong.jpg""></div><div class=""wong-right""><h5>Ingredientes ideales</h5><p>La conserva de <b>lomos de atún light</b>, versión más ligera, contiene una mezcla perfecta de <b>atún</b>, <b>agua</b> y <b>sal</b>. Es un <b>producto de calidad</b> que contribuye con la <b>nutrición</b> debido a los diversos aportes que su consumo genera. Es un <b>producto totalmente peruano</b>, desde la pesca hasta la etapa final de distribución.</p></div></div><div class=""wong-desc""><div class=""wong-left""><h5>Altamente nutritivo</h5><p>Dentro de los <b>beneficios</b> que ofrece a nuestro <b>organismo</b> el consumo de la <b>carne de pescado</b> está el <b>fortalecimiento del sistema inmunológico</b>, debido a la gran cantidad de <b>Omega 3</b> que contiene. Además, es un tipo de carne <b>enriquecida en minerales</b>. Asimismo, los productos de <b>Campomar</b> cuentan con <b>certificación Dolphin Safe</b> que gara",,7990,,,,unknown,
"Este sitio web utiliza cookies propias para optimizar la experiencia de nuestros clientes, analizar estadísticas de navegación del sitio y de terceros para brindar contenidos personalizados de acuerdo","Este sitio web utiliza cookies propias para optimizar la experiencia de nuestros clientes, analizar estadísticas de navegación del sitio y de terceros para brindar contenidos personalizados de acuerdo con sus preferencias. Al dar click en [Aceptar], autoriza el uso de cookies durante su navegación. Para más información, consulte nuestra Política de Cookies en el Aviso de Privacidad . Aceptar Supermercado Lacteos y huevo Leche Leche Fresca Lala Entera 1L Lala Cargando comentarios… Leche Fresca Lala Entera 1L Leche Fresca Lala Entera 1L Referencia : 3012021 Información Leche Entera Pasteurizada en empaque de plástico, para disfrutar con la familia *Las imágenes del producto son únicamente de referencia, el diseños de etiquetas y el contenido (ml, L, Kg, g, piezas, etc) pueden cambiar y/o variar sin previo aviso. Mostrar más Comparte Vendido y entregado por: Chedraui Descripción Especificaciones La Leche Fresca Lala Entera acompañará tus mañanas gracias a su gran sabor y cremosidad. Complementa la alimentación de tu familia con una leche fresca y 100% pura de vaca, sin conservadores por ser pasteurizada. ¡Prepara tus recetas favoritas! Agrega a tu carrito de compras tus productos y aprovecha el servicio de entrega a domicilio que tenemos para ti. Productos relacionados Leche Fresca Lala Entera 1L Lala $0.00 Combo Cantidad Máxima Equivale a ≈1 pza 3x2 Leche Fresca Lala Entera 1.8L Lala $0.00 1 pieza con 1.8L Combo Cantidad Máxima Equivale a ≈1 pza 3x2 Leche Fresca Lala Entera 3.78 L Lala $0.00 1 pieza con 3.78L Combo Cantidad Máxima Equivale a ≈1 pza 3x2 Leche Lala Entera Deslactosada UHT de 1L Lala $0.00 1 pieza de 1L Combo Cantidad Máxima Equivale a ≈1 pza 3x2 Leche Lala Entera 1L Lala $0.00 1 pieza de 1L Combo Cantidad Máxima Equivale a ≈1 pza 3x2 Leche Muy Buena Entera 1L Muy Buena $0.00 1 pz de 1L Combo Cantidad Máxima Equivale a ≈1 pza 3x2 Leche Alpura Lac Del Entera 1 L Alpura $0.00 1 pieza de 1 L Combo Cantidad Máxima Equivale a ≈1 pza 3x2 Leche Fresca Entera Le",,000,,,,unknown,
¡Lo mejor te está esperando!,"¡Lo mejor te está esperando! Descarga la app Departamentos Inicia sesión Ofertas de la semana Listas Alsuper Club Alsuper Alsuper card Estás en Alsuper Plus Leones 90 min Inicio > Despensa > Granos > Arroz Super Extra Verde Valle 2 Kg Detalles: Consiga un arroz más blanco, entero y esponjadito con el arroz súper extra Verde Valle. Prepárelo como usted prefiera y dele esa sazón especial. Es ideal para cualquier tipo de preparación. Le tomará muy pocos minutos prepara ... Ver más Arroz Super Extra Verde Valle 2 kg $74.90 $79.90 Agregar al carrito Favoritos Agregar a una lista Recomendados $36.90 $39.90 Arroz Super Extra Verde Valle 900 ... 900 GR Agregar $23.90 $24.90 Arroz Super Extra Mybrand 906 G 906 GR Agregar $74.90 $79.90 Arroz Super Extra Verde Valle 2 Kg 2 KG Agregar $34.90 Arroz Super Extra Grueso Sos 907 G 907 GR Agregar $34.90 Arroz Super Extra Precocido Sos 907... 907 GR Agregar $37.90 Arroz Super Extra Diamante 750 G 750 GR Agregar $23.90 $25.90 Arroz Cazerola 907 G 907 GR Agregar $29.90 Arroz Grano Largo Gran Cosecha 900 ... 900 GR Agregar $64.90 Arroz Jazmin Verde Valle 750 G 750 GR Agregar $92.90 Arroz Blanco Orgánico Aires De Cam... 1 KG Agregar -25% $69.90 $92.90 Arroz Organico Integral Aires De Ca... 1 KG Agregar $15.90 $18.90 Grano De Elote Dorado Clemente Jaq... 410 GR Agregar -21% $18.90 $23.90 Atun En Agua Tuny 130 G 130 GR Agregar $11.90 $13.90 Grano De Elote Dorado Clemente Jaq... 220 GR Agregar -29% $17.90 $24.90 Arroz Extra Mimarca 906 G 906 GR Agregar $64.90 Cerveza Six Pack Lata Light Budligh... 330 ML Agregar $19.90 $22.90 Cacahuates Japones Karate 127 G 127 GR Agregar 5 x $50 $11.90 $13.90 Alimento Humedo P/perro Todas Las Ra... 100 GR Agregar $41.90 $47.90 Atun Jumbo En Agua Tuny 295 G 295 GR Agregar $11.90 Arroz Con Leche Lala 125 G 125 GR Agregar $48.90 Arroz Impegable Verde Valle 750 G 750 GR Agregar $29.90 $32.90 Galletas De Arroz Integrales Okko ... 140 GR Agregar $29.90 $32.90 Galletas De Arroz Con Quinoa Okko ... 140 GR Agregar -",,7490,,,,unknown,
¡Aún no eres Wong Prime!,"¡Aún no eres Wong Prime! Aprovecha el despacho GRATIS en tus compras de Supermercado desde S/79.90 AQUÍ ¿Que buscas hoy? ¿Cómo quieres recibir tu pedido? Elegir Abarrotes Alimentos en Conserva Pescado en Conserva Filete de Atún en Agua y Sal Cuisine & Co 140g - 13% Configuraciones ProductData {""allow_notes"":false,""allow_substitute"":false,""cart_limit"":""24"",""brandName"":""Cuisine & Co"",""brandEcomId"":""9885"",""measurement_unit"":""un"",""unit_multiplier"":1,""unit_multiplier_un"":0,""measurement_unit_selector"":false} SkuData {""39166052"":{""ref_id"":""789704"",""cart_limit"":24,""allow_notes"":true,""allow_substitute"":true,""measurement_unit"":""un"",""unit_multiplier"":1,""promotions"":[""90"",""292"",""294"",""326"",""364"",""366"",""414"",""416"",""519"",""778"",""1045"",""1065"",""1173"",""1179"",""1183"",""1184"",""1194"",""1196"",""18110"",""146325"",""146326"",""146597"",""146599"",""251083"",""251084"",""251085"",""251087"",""329743"",""348894"",""348897"",""382859"",""490256"",""490257"",""490261"",""490263"",""28328684"",""28328914"",""28329380"",""28330336"",""67507085"",""135779464"",""135780958"",""202142317"",""202166997"",""219853432"",""220132509"",""220132511"",""222537757"",""222667272"",""223955936"",""224305356"",""224636374"",""224889425"",""224924593"",""225069937"",""226213312"",""226552211"",""226688132"",""226963918"",""228327691"",""228732386"",""229064326"",""229288019"",""229338179"",""229477454"",""230326311"",""230406748"",""230433707"",""230815377"",""231601486"",""231935832"",""232273893"",""232931212"",""233373362"",""233542470"",""234117233"",""234653380"",""235492199"",""235821447"",""235954181"",""236744115"",""237242860"",""237242861"",""238191140"",""238333455"",""240032128""],""url_canonical"":"""",""unit_multiplier_un"":0,""measurement_unit_selector"":false,""release_data"":{""date_release"":""09-03-2021 00:00"",""date_release_end"":""08-04-2021 00:00"",""is_new"":false}}} Características Destacadas Tipo de Producto Mariscos en Conservas Observaciones y Recomendaciones Origen Importado Filete de Atún en Agua y Sal Cuisine & Co 140g Cuisine & Co Referencia : 789704 - 13% S/ 4 . 50 S/ 5 . 20 Cantidad ＋ － Agregar Certificados Ver todos Característica",,7990,,,,unknown,
¡Aún no eres Wong Prime!,"¡Aún no eres Wong Prime! Aprovecha el despacho GRATIS en tus compras de Supermercado desde S/79.90 AQUÍ ¿Que buscas hoy? ¿Cómo quieres recibir tu pedido? Elegir Abarrotes Alimentos en Conserva Pescado en Conserva Filete de Atún Primor 140g Descripción <div class=""wong-wrapper""><div class=""wong-img""><img src=""https://wongfood.vteximg.com.br/arquivos/primor-logo-wong.jpg""></div><h3>Atún con aceite natural</h3><p>Si te gusta comer sano y estás buscnaqdo una carne que pueda complementar tu alimentación, entonces la lata de atún de la marca <strong>Primor</strong> es lo que necesitas.</p></div><div class=""wong-desc""><div class=""wong-left""><img src=""https://wongfood.vteximg.com.br/arquivos/Primor-filete-560748-beneficios-wong.jpg""></div><div class=""wong-right""><h5>Beneficios</h5><p>Comer atún te trae muchos <strong>beneficios</strong> pues contine proteína magra, contiene niaciana que ayuda a regular los niveles de colesterol, omega 3 buenos para el corazón y para el desempeño natural.</p></div></div><div class=""wong-desc""><div class=""wong-left""><h5>Más puro</h5>Primor te ofrece esta conserva de atún con aceite natural más puro y natural por lo que no tendrás problemas en comerlo si estás llevando un estilo de vida más <strong>natural</strong>.</p></div><div class=""wong-right""><img src=""https://wongfood.vteximg.com.br/arquivos/Primor-filete-560748-puro-wong.jpg""></div><div class=""wong-desc""><div class=""wong-left""><img src=""https://wongfood.vteximg.com.br/arquivos/Primor-filete-560748-vida-wong.jpg""></div><div class=""wong-right""><h5>Vida sana</h5><p>No dejes pasar la oportunidad de tener este producto natural de la marca Primor y empieza ese estilo de vida <strong>natural</strong> que te traera muchos beneficios a largo plazo.</p></div></div></div><br><br></div></div></div> Configuraciones ProductData {""allow_notes"":false,""allow_substitute"":false,""cart_limit"":""24"",""brandName"":""Primor"",""brandEcomId"":""742"",""measurement_unit"":""un"",""unit_multiplier"":1,""unit_multiplier_un"":0,""m",,7990,,,,unknown,
¡Aún no eres Wong Prime!,"¡Aún no eres Wong Prime! Aprovecha el despacho GRATIS en tus compras de Supermercado desde S/79.90 AQUÍ ¿Que buscas hoy? ¿Cómo quieres recibir tu pedido? Elegir Abarrotes Alimentos en Conserva Pescado en Conserva Sólido de Atún en Aceite de Oliva Real 140g Configuraciones ProductData {""allow_notes"":false,""allow_substitute"":false,""cart_limit"":""9"",""brandName"":""Real"",""brandEcomId"":""763"",""measurement_unit"":""un"",""unit_multiplier"":1,""unit_multiplier_un"":0,""measurement_unit_selector"":false} SkuData {""39191727"":{""ref_id"":""933003"",""cart_limit"":9,""allow_notes"":true,""allow_substitute"":true,""measurement_unit"":""un"",""unit_multiplier"":1,""promotions"":[""90"",""292"",""294"",""326"",""364"",""366"",""414"",""416"",""519"",""778"",""1045"",""1065"",""1173"",""1179"",""1183"",""1184"",""1194"",""1196"",""18110"",""146325"",""146326"",""146597"",""146599"",""251083"",""251084"",""251085"",""251087"",""329743"",""348894"",""348897"",""382859"",""490256"",""490257"",""490261"",""490263"",""28328684"",""28328914"",""28329380"",""28330336"",""67507085"",""135779464"",""135780958"",""202142317"",""222537757""],""url_canonical"":"""",""unit_multiplier_un"":0,""measurement_unit_selector"":false,""release_data"":{""is_new"":false}}} Características Destacadas Tipo de Producto Pescados en Conservas Observaciones y Recomendaciones Origen Nacional Sólido de Atún en Aceite de Oliva Real 140g Real Referencia : 933003 S/ 8 . 40 Cantidad ＋ － Agregar Certificados Ver todos Características Principales Contiene 140 gramos Sólido de atún En aceite de oliva Con omega 3 y 6 ¡Van mejor juntos! Estás viendo: Sólido de Atún en Aceite de Oliva Real 140g Precio Online S/ 8 . 40 + Piña en Rodajas Bali Lata 227 g Precio Online S/ 6 . 70 Total Juntos: S/ 15.10 agregar juntos Descripción Información Nutricional Especificaciones Comentarios Especificaciones técnicas Propiedad Especificación Ingredientes Ingredientes Atún, Aceite de oliva, Agua, Sal, Pescado Ver condiciones de promociones Podrían interesarte Sardinas en Aceite Picantes Lata 120 g Precio Online S/ 16 . 90 true SODIO Atún Claro en Aceite de Oliva Pal",,7990,,,,unknown,
¿Que buscas hoy?,"¿Que buscas hoy? ¿Cómo quieres recibir tu pedido? Elegir Abarrotes Arroz Arroz Extra y Superior Arroz Extra Costeño 5kg Descripción <div class=""contenidoseo""><h3>Arroz Extra Costeño 5kg</h3> ¡Compra hoy una Bolsa de Arroz Costeño Extra de 5 Kg al mejor precio! Llévala a casa y prepara un delicioso almuerzo, cena o postre para compartir con toda la familia con la calidad de Costeño.<h3>Beneficios del arroz</h3> El arroz es uno de los alimentos más utilizados dentro de las comidas; especialmente en los segundos. Y esto se debe no solo a que son adaptables a todo tipo de comida, sino que además, poseen una elevada cantidad de nutrientes como hidratos de carbono para mantenerte activo en tu día a día. Asimismo, poseen también una elevada cantidad de minerales como el calcio, hierro, magnesio y potasio que, dependiendo de los alimentos con los que los acompañes, pueden beneficiarte más en tu dieta.Precisamente en beneficio de tu alimentación diaria, algo que debemos destacar es que el arroz es una fuente de Vitamina D, vitamina B, omega 3, niacina, ácido fólico y tiamina, elementos que hacen que, mediante una reacción química entre alimentos, puedas asimilar mejor los nutrientes de los alimentos con los que los acompañas. Es decir, de servir el arroz con legumbres, carnes u otros, podrás asimilar mejor los beneficios alimentarios de estos últimos.Pero esto no es todo, dado que precisamente gracias a las vitaminas y proteínas que contiene, el arroz es uno de los alimentos que mejor ayudan a la digestión, sumándose así a la prevención de enfermedades gastrointestinales.<h3>Recetas con Arroz </h3> ¿No te decides aún por incluir el Arroz Extra Costeño en tu menú semanal? Aquí te damos algunas ideas de platillos o recetas con arroz que puedes preparar como: las bolas de arroz, sushi, arroz con pollo, arroz con leche, arroz a la cubana, arroz chaufa, pastel de arroz, arroz árabe, risotto de setas, arroz con mariscos, arroz con champiñones, arroz frito y muchísimos más.<h3>¿En ",,2850,,,,unknown,
¿Cómo quieres recibir tu pedido?,"¿Cómo quieres recibir tu pedido? Elegir Abarrotes Arroz Arroz Extra y Superior Arroz Gran Reserva Extra Valle Norte Bolsa 5 Kg Configuraciones ProductData {""allow_notes"":true,""allow_substitute"":true,""cart_limit"":""0"",""brandName"":""Valle Norte"",""brandEcomId"":""953"",""measurement_unit"":""un"",""unit_multiplier"":1,""measurement_unit_un"":""UN"",""unit_multiplier_un"":0,""measurement_unit_selector"":false} SkuData {""528"":{""ref_id"":""107169"",""cart_limit"":12,""allow_notes"":true,""allow_substitute"":true,""measurement_unit"":""un"",""unit_multiplier"":1,""promotions"":[""1130526"",""2049275"",""3145052"",""3839508"",""3867433"",""3875481"",""4015508""],""url_canonical"":"""",""measurement_unit_un"":""UN"",""unit_multiplier_un"":0,""measurement_unit_selector"":false,""release_data"":{""date_release"":""10-04-2025 00:00"",""date_release_end"":""10-05-2025 00:00"",""is_new"":false}}} Características Destacadas Tipo de Producto Arroz Extra Añejo Observaciones y Recomendaciones Origen Nacional Arroz Gran Reserva Extra Valle Norte Bolsa 5 Kg Cargando comentarios... Referencia : 107169 - 13% S/ 24 . 90 S/ 28 . 60 Cantidad ＋ － Agregar Certificados Ver todos Cookies ? ! i Política general sobre Cookies × En Metro.pe nos preocupamos por mejorar tu experiencia de compra, sin descuidar la protección de tus datos personales. En consecuencia Metro.pe, usa dos tipos de cookies las Funcionales y las de Analítica y Optimización ¿consiente el uso de las cookies? Sí Acepto Configuración de Cookies Política de Cookies",,,,,,unknown,
¿Que buscas hoy?,"¿Que buscas hoy? ¿Cómo quieres recibir tu pedido? Elegir Abarrotes Arroz Arroz Extra y Superior Arroz Superior Paisana Bolsa 5 kg Configuraciones ProductData ProductData SkuData {""23360"":{""ref_id"":""576339"",""cart_limit"":9,""allow_notes"":true,""allow_substitute"":true,""measurement_unit"":""un"",""unit_multiplier"":1,""promotions"":[""1202348"",""1597057"",""1699507"",""1942955"",""2389095"",""3123821"",""3251913"",""3301031"",""3327392"",""3431807"",""3552533"",""3656539"",""3695719"",""3858129"",""3902220"",""3954858""],""url_canonical"":"""",""measurement_unit_selector"":false,""release_data"":{""is_new"":false}}} Características Destacadas Tipo de Producto Arroz Superior Observaciones y Recomendaciones Origen Nacional Arroz Superior Paisana Bolsa 5 kg Cargando comentarios... Referencia : 576339 - 10% S/ 19 . 90 S/ 22 . 20 Cantidad ＋ － Agregar Certificados Ver todos Cookies ? ! i Política general sobre Cookies × En Metro.pe nos preocupamos por mejorar tu experiencia de compra, sin descuidar la protección de tus datos personales. En consecuencia Metro.pe, usa dos tipos de cookies las Funcionales y las de Analítica y Optimización ¿consiente el uso de las cookies? Sí Acepto Configuración de Cookies Política de Cookies",,,,,,unknown,
¿Que buscas hoy?,"¿Que buscas hoy? ¿Cómo quieres recibir tu pedido? Elegir Abarrotes Arroz Arroz Extra y Superior Arroz Extra Metro 5kg Configuraciones ProductData ProductData SkuData {""34191"":{""ref_id"":""391214"",""cart_limit"":9,""allow_notes"":true,""allow_substitute"":true,""measurement_unit"":""un"",""unit_multiplier"":1,""promotions"":[""1130521""],""url_canonical"":"""",""measurement_unit_un"":""UN"",""measurement_unit_selector"":false,""release_data"":{""is_new"":false}}} Características Destacadas Tipo de Producto Arroz Extra Observaciones y Recomendaciones Origen Nacional Arroz Extra Metro 5kg Metro Referencia : 391214 - 9% Tarjeta Cencosud S/ 17 . 30 S/ 18 . 40 S/ 20 . 30 Cantidad ＋ － Agregar Certificados Ver todos Características Principales Contiene 5 kilos Arroz extra Aporta energ¡a Rinde m s Descripción Información Nutricional Especificaciones Comentarios Especificaciones técnicas Propiedad Especificación Ingredientes Ingredientes Arroz elaborado extra Ver condiciones de promociones Podrían interesarte Arroz Extra Metro 10kg [TCENCO] Oct25 - Abarrotes Comestible Con 6% Dscto Con TC Metro del 01al31 Octubre Tarjeta Cencosud S/ 37 . 04 Precio Online S/ 39 . 40 true - 19% Arroz Pacasmayo Extra 5kg [TCENCO] Oct25 - Abarrotes Comestible Con 6% Dscto Con TC Metro del 01al31 Octubre Tarjeta Cencosud S/ 20 . 59 Precio Online S/ 21 . 90 Precio regular S/ 26.90 true Arroz Superior Cuisine & Co 750g [TCENCO] Oct25 - Abarrotes Comestible Con 6% Dscto Con TC Metro del 01al31 Octubre Tarjeta Cencosud S/ 3 . 57 Precio Online S/ 3 . 80 true Arroz Extra Añejo Campo Norte 750g [TCENCO] Oct25 - Abarrotes Comestible Con 6% Dscto Con TC Metro del 01al31 Octubre Tarjeta Cencosud S/ 4 . 14 Precio Online S/ 4 . 40 true Arroz Añejo Superior Valle Norte 750g [TCENCO] Oct25 - Abarrotes Comestible Con 6% Dscto Con TC Metro del 01al31 Octubre Tarjeta Cencosud S/ 4 . 42 Precio Online S/ 4 . 70 true - 11% Arroz Extra Costeño 5kg [TCENCO] Oct25 - Abarrotes Comestible Con 6% Dscto Con TC Metro del 01al31 Octubre Tarjeta Cencosud S/ ",,2690,,,,unknown,
¿Que buscas hoy?,"¿Que buscas hoy? ¿Cómo quieres recibir tu pedido? Elegir Abarrotes Arroz Arroz Extra y Superior Arroz Familiar Maxima Bolsa 5 kg Configuraciones ProductData {""allow_notes"":true,""allow_substitute"":true,""cart_limit"":""0"",""brandName"":""Maxima"",""brandEcomId"":""2000893"",""measurement_unit"":""un"",""unit_multiplier"":1,""measurement_unit_un"":""UN"",""measurement_unit_selector"":false} SkuData {""31812"":{""ref_id"":""498326"",""cart_limit"":12,""allow_notes"":true,""allow_substitute"":true,""measurement_unit"":""un"",""unit_multiplier"":1,""promotions"":[""1130520""],""url_canonical"":"""",""measurement_unit_un"":""UN"",""measurement_unit_selector"":false,""release_data"":{""is_new"":false}}} Características Destacadas Tipo de Producto Arroz Extra Observaciones y Recomendaciones Origen Nacional Arroz Familiar Maxima Bolsa 5 kg Maxima Referencia : 498326 - 5% Tarjeta Cencosud S/ 16 . 45 S/ 17 . 50 S/ 18 . 50 Cantidad ＋ － Agregar Certificados Ver todos Descripción Información Nutricional Especificaciones Comentarios Especificaciones técnicas Propiedad Especificación Ingredientes Ingredientes Arroz pilado popular grado 4 Ver condiciones de promociones Podrían interesarte - 2% Arroz Blanco Extra Añejo Faraon Verde 5kg [TCENCO] Oct25 - Abarrotes Comestible Con 6% Dscto Con TC Metro del 01al31 Octubre Tarjeta Cencosud S/ 22 . 94 Precio Online S/ 24 . 40 Precio regular S/ 24.90 true Gran Arroz Pacasmayo Superior 10 kg [TCENCO] Oct25 - Abarrotes Comestible Con 6% Dscto Con TC Metro del 01al31 Octubre Tarjeta Cencosud S/ 43 . 15 Precio Online S/ 45 . 90 true - 21% Arroz Extra Paisana 5kg + Huevos Pardos La Calera 30un [TCENCO] Oct25 - Abarrotes Comestible Con 6% Dscto Con TC Metro del 01al31 Octubre Tarjeta Cencosud S/ 37 . 51 Precio Online S/ 39 . 90 Precio regular S/ 50.20 true Sixpack Leche Reconstituida Gloria Light 390g + Arroz Extra Costeño 5kg Precio Online AGOTADO Sixpack Leche Reconstituida Gloria Light 390g + Arroz Añejo Extra Costeño 5kg Precio Online AGOTADO - 9% Arroz Blanco Extra Añejo Faraón Naranja 5kg [TCENCO] O",,2490,,,,unknown,
No se puede acceder a este sitio,No se puede acceder a este sitio Es posible que la página web en https://www.metro.pe/pollo-entero-marinado-sazon-brasa-san-fernando-1-4kg/p no funcione temporalmente o se haya trasladado de manera permanente a una nueva dirección web. ERR_FAILED Es posible que la página web en https://www.metro.pe/pollo-entero-marinado-sazon-brasa-san-fernando-1-4kg/p no funcione temporalmente o se haya trasladado de manera permanente a una nueva dirección web.,,,,,,unknown,
¿Que buscas hoy?,"¿Que buscas hoy? ¿Cómo quieres recibir tu pedido? Elegir Carnes, Aves y Pescados Aves y Huevos Cortes de Pollo Pechuga Entera de Pollo Redondos x kg Configuraciones ProductData {""allow_notes"":true,""allow_substitute"":true,""cart_limit"":""6"",""brandName"":""Redondos"",""brandEcomId"":""2136"",""measurement_unit"":""kg"",""unit_multiplier"":1,""measurement_unit_selector"":false} SkuData {""39258704"":{""ref_id"":""1001792"",""cart_limit"":6,""allow_notes"":true,""allow_substitute"":true,""measurement_unit"":""kg"",""unit_multiplier"":1,""promotions"":[],""url_canonical"":"""",""measurement_unit_selector"":false,""release_data"":{""is_new"":false}}} Características Destacadas Tipo de Producto Pollo Pechuga Entera de Pollo Redondos x kg Redondos Referencia : 1001792 S/ 15 . 50 x kg Cantidad ＋ － Agregar Certificados Ver todos Características Principales Venta al peso Pechuga de pollo entera Pollo fresco Descripción Especificaciones Comentarios Especificaciones técnicas Propiedad Especificación Ver condiciones de promociones Podrían interesarte Filete de Pierna de Pollo Redondos x kg Precio Online S/ 20 . 90 x kg true Alas con Punta de Pollo Natural x kg Precio Online S/ 14 . 90 x kg true Pierna de Pollo con Muslo Redondos x kg Precio Online S/ 15 . 95 x kg true Pescuezo de Pollo Redondos x kg Precio Online S/ 7 . 50 x kg true FILETE PIERNA SP POLLO SAN FERNANDO KG Precio Online S/ 22 . 90 x kg true Muslo de de Pollo Redondos x kg Precio Online S/ 16 . 49 x kg true - 28% Muslo de Pollo Congelado San Fernando x kg Precio Online S/ 11 . 90 x kg Precio regular S/ 16.50 true Filete de Pierna de Pollo Sin Piel Redondos x kg Precio Online S/ 22 . 90 x kg true Patas de Pollo Redondos x kg Precio Online S/ 7 . 90 x kg true Pechuga Light de Pollo Redondos x kg Precio Online S/ 19 . 50 x kg true Filete de Pierna de Pollo Redondos x kg Precio Online S/ 20 . 90 x kg true Alas con Punta de Pollo Natural x kg Precio Online S/ 14 . 90 x kg true Pierna de Pollo con Muslo Redondos x kg Precio Online S/ 15 . 95 x kg true Pescuezo de Poll",,1650,,,,unknown,
¡Lo mejor te está esperando!,"¡Lo mejor te está esperando! Descarga la app Departamentos Inicia sesión Ofertas de la semana Listas Alsuper Club Alsuper Alsuper card Estás en Alsuper Plus Leones 90 min Inicio > Despensa > Granos > Arroz Cazerola 907 G Detalles: Si quieres preparar un arroz delicioso en sus múltiples variedades, elige Arroz Cazerola, el gran sabor del campo directo hasta tu cocina.Ya que además de tener numerosos beneficios, es una fuente inmediata de energía para el ... Ver más Arroz Cazerola 907 g $23.90 $25.90 Agregar al carrito Favoritos Agregar a una lista Recomendados $36.90 $39.90 Arroz Super Extra Verde Valle 900 ... 900 GR Agregar -29% $17.90 $24.90 Arroz Extra Mimarca 906 G 906 GR Agregar $23.90 $25.90 Arroz Cazerola 907 G 907 GR Agregar $11.90 Arroz Con Leche Lala 125 G 125 GR Agregar $48.90 Arroz Impegable Verde Valle 750 G 750 GR Agregar $34.90 $39.90 Arroz Impegable Precocido Mybrand 9... 906 GR AGOTADO $29.90 Arroz A La Mexicana Precocido Verde... 140 GR Agregar $23.90 $24.90 Arroz Super Extra Mybrand 906 G 906 GR Agregar $36.90 Arroz A La Mexicana 0.25 Lt 0.25 LT Agregar $41.90 Arroz Con Leche Lala 500 G 500 GR Agregar $29.90 Arroz Jardinera Precocido Verde Val... 140 GR Agregar $36.90 Arroz Blanco 0.25 Lt 0.25 LT Agregar $52.90 Arroz A La Mexicana 0.5 Lt 0.5 LT Agregar $39.90 Arroz Blanco Instantaneo Knorr 155 ... 155 GR Agregar $44.90 Arroz A La Mexicana Instantaneo Kno... 155 GR Agregar $29.90 Arroz Blanco Precocido Verde Valle ... 140 GR Agregar $49.90 $56.90 Arroz Grano Grueso Verde Valle 1 Kg 1 KG Agregar $52.90 Arroz Blanco 0.5 Lt 0.5 LT Agregar $29.90 Arroz Grano Largo Gran Cosecha 900 ... 900 GR Agregar $74.90 $79.90 Arroz Super Extra Verde Valle 2 Kg 2 KG Agregar $42.90 Arroz Grano Extra Largo Diamante 90... 900 GR Agregar $49.90 Arroz Integral Verde Valle 900 G 900 GR Agregar $49.90 Arroz Precocido Blanco Verde Valle ... 300 GR Agregar $26.90 $28.90 Arroz Con Leche Tia Sara 200 G 200 GR Agregar $34.90 Arroz Super Extra Grueso Sos 907 G 907 GR Agregar 2 x",,2390,,,,unknown,
¿Que buscas hoy?,"¿Que buscas hoy? ¿Cómo quieres recibir tu pedido? Elegir Desayuno Café e Infusiones Café Instantáneo Café Instantáneo Altomayo Gourmet 170g Configuraciones ProductData ProductData SkuData {""1311"":{""ref_id"":""352103"",""cart_limit"":12,""allow_notes"":true,""allow_substitute"":true,""measurement_unit"":""un"",""unit_multiplier"":1,""promotions"":[""3251912""],""url_canonical"":"""",""measurement_unit_un"":""UN"",""measurement_unit_selector"":false,""release_data"":{""is_new"":false}}} Características Destacadas Tipo de Producto Café Instantáneo Premium Observaciones y Recomendaciones Origen Nacional Café Instantáneo Altomayo Gourmet 170g Altomayo Referencia : 352103 Tarjeta Cencosud S/ 27 . 45 S/ 30 . 50 Cantidad ＋ － Agregar Certificados Ver todos Características Principales Contiene 170 gramos Caf instant neo liofilizado Variedad 100& ar bica Sabor intenso Descripción Información Nutricional Especificaciones Comentarios Especificaciones técnicas Propiedad Especificación Ingredientes Ingredientes 100% café natural Ver condiciones de promociones Podrían interesarte Café Nescafé Fina Selección 200g + Ideal Cremosita 390g [TCENCO] Oct25 - Abarrotes Comestible Con 10% Dscto Con TC Metro del 01al31 Octubre Tarjeta Cencosud S/ 31 . 05 Precio Online S/ 34 . 50 true Café Instantáneo Granulado Cuisine & Co 180g [TCENCO] Oct25 - Abarrotes Comestible Con 10% Dscto Con TC Metro del 01al31 Octubre Tarjeta Cencosud S/ 24 . 93 Precio Online S/ 27 . 70 true Café Instantáneo Descafeinado Folgers Classic 226g [TCENCO] Oct25 - Abarrotes Comestible Con 10% Dscto Con TC Metro del 01al31 Octubre Tarjeta Cencosud S/ 59 . 31 Precio Online S/ 65 . 90 true Café Instantáneo Puro Cuisine & Co 180g [TCENCO] Oct25 - Abarrotes Comestible Con 10% Dscto Con TC Metro del 01al31 Octubre Tarjeta Cencosud S/ 24 . 21 Precio Online S/ 26 . 90 true Café Instantáneo Granulado Cuisine & Co 100g [TCENCO] Oct25 - Abarrotes Comestible Con 10% Dscto Con TC Metro del 01al31 Octubre Tarjeta Cencosud S/ 18 . 45 Precio Online S/ 20 . 50 true Ceba",,3700,,,,unknown,
¿Que buscas hoy?,"¿Que buscas hoy? ¿Cómo quieres recibir tu pedido? Elegir Desayuno Café e Infusiones Café Molido y Granos Café Molido Cafetal Selecto 454g Configuraciones ProductData {""allow_notes"":false,""allow_substitute"":true,""cart_limit"":""0"",""brandName"":""Cafetal"",""brandEcomId"":""112"",""measurement_unit"":""un"",""unit_multiplier"":1,""measurement_unit_un"":""UN"",""measurement_unit_selector"":false} SkuData {""1383"":{""ref_id"":""233464"",""cart_limit"":12,""allow_notes"":true,""allow_substitute"":true,""measurement_unit"":""un"",""unit_multiplier"":1,""promotions"":[],""url_canonical"":"""",""measurement_unit_un"":""UN"",""measurement_unit_selector"":false,""release_data"":{""is_new"":false}}} Características Destacadas Tipo de Producto Café Grano Molido Observaciones y Recomendaciones Origen Nacional Café Molido Cafetal Selecto 454g Cafetal Referencia : 233464 - 27% Tarjeta Cencosud S/ 22 . 95 S/ 25 . 50 S/ 34 . 90 Cantidad ＋ － Agregar Certificados Ver todos Características Principales Contiene 454 gramos Café molido Café 100% peruano Descripción Especificaciones Comentarios Especificaciones técnicas Propiedad Especificación Ver condiciones de promociones Podrían interesarte Café Molido Cafetal Gourmet Americano 450g [TCENCO] Oct25 - Abarrotes Comestible Con 10% Dscto Con TC Metro del 01al31 Octubre Tarjeta Cencosud S/ 34 . 65 Precio Online S/ 38 . 50 true - 11% Café Molido Artidoro Rodríguez Bolsa 250 g [TCENCO] Oct25 - Abarrotes Comestible Con 10% Dscto Con TC Metro del 01al31 Octubre Tarjeta Cencosud S/ 35 . 91 Precio Online S/ 39 . 90 Precio regular S/ 45.00 true Cápsulas de Café Viaggio Intenso 10un [TCENCO] Oct25 - Abarrotes Comestible Con 10% Dscto Con TC Metro del 01al31 Octubre Tarjeta Cencosud S/ 30 . 15 Precio Online S/ 33 . 50 true Café Grano Gourmet Valenzuela 500 g [TCENCO] Oct25 - Abarrotes Comestible Con 10% Dscto Con TC Metro del 01al31 Octubre Tarjeta Cencosud S/ 57 . 60 Precio Online S/ 64 . 00 true - 12% Cápsulas de Café Starbucks Caramel Macchiato 12un [TCENCO] Oct25 - Abarrotes Comestible Con 10% Dsct",,4500,,,,unknown,
¿Que buscas hoy?,"¿Que buscas hoy? ¿Cómo quieres recibir tu pedido? Elegir Desayuno Café e Infusiones Café Instantáneo Café Instantáneo Nescafé Fina Selección 200g Descripción <div class=""wong-wrapper wong-descripcion"" id=""wong_ver_mas""><div class=""wong-desc""><div class=""wong-img""> <img src=""https://wongfood.vteximg.com.br/arquivos/nescafe-logo-wong.jpg""></div><h3>Tu dosis diaria de energía</h3><p>En el <strong>corazón</strong> de esta marca se encuentra la herencia de un compromiso por <strong>innovar</strong> y ser siempre los <strong>pioneros en esta industria</strong>, desde 1938 cuando inventaron esta <strong>nueva forma de disfrutar el café</strong>. Nescafé siempre te motiva a <strong>empezar</strong>, ya se tu primer día de trabajo, darte un impulso de creatividad o hasta iniciar una nueva amistad con una <strong>taza fresca de café</strong>...¡Siempre contigo!</p></div><div class=""wong-desc""><div class=""wong-left""> <img src=""https://wongfood.vteximg.com.br/arquivos/nescafe-imagen-1-wong.jpg""></div><div class=""wong-right""><h5>El preferido por los peruanos</h5><p>Este producto es de <strong>origen natural</strong>, tan sólo contiene <strong>una mezcla de granos de café Arábica y Robusta</strong>. También proviene de una <strong>fruto</strong> que ha sido cuidadosamente tratado, obteniéndose a partir del <strong>secado</strong> de una infusión de los <strong>granos de café</strong> en el agua. Disfruta siempre de una <strong>taza de café</strong> con el más rico sabor y aroma.</p></div></div><div class=""wong-desc""><div class=""wong-left""><h5>Fuente natural de antioxidantes</h5><p>Los <strong>antioxidantes</strong>, como los <strong>polifenoles</strong>, los podemos encontrar en algunas <strong>frutas y verduras</strong>, en el vino tinto y en un exquisito <strong>café</strong>. Manteniendo nuestro cuerpo en <strong>buen estado de salud</strong> a través del tiempo, evitando las <strong>sustancias benéficas</strong> para el organismo pierdan su <strong>actividad positiva</strong>",,2790,,,,unknown,
¿Que buscas hoy?,"¿Que buscas hoy? ¿Cómo quieres recibir tu pedido? Elegir Desayuno Café e Infusiones Café Molido y Granos Café Molido Descafeinado Britt 250g Configuraciones ProductData {""allow_notes"":false,""allow_substitute"":true,""cart_limit"":""0"",""brandName"":""Britt"",""brandEcomId"":""101"",""measurement_unit"":""un"",""unit_multiplier"":1,""measurement_unit_un"":""UN"",""measurement_unit_selector"":false} SkuData {""1354"":{""ref_id"":""133095004"",""cart_limit"":12,""allow_notes"":true,""allow_substitute"":true,""measurement_unit"":""un"",""unit_multiplier"":1,""promotions"":[],""url_canonical"":"""",""measurement_unit_un"":""UN"",""measurement_unit_selector"":false,""release_data"":{""is_new"":false}}} Características Destacadas Tipo de Producto Café Grano Molido Descafeinado Observaciones y Recomendaciones Origen Nacional Café Molido Descafeinado Britt 250g Cargando comentarios... Referencia : 133095004 S/ 51 . 90 Cantidad ＋ － Agregar Certificados Ver todos Características Principales Contiene 250 gramos Café descafeinado molido 100% Café Arábica Origen: Perú Descripción Especificaciones Comentarios Especificaciones técnicas Propiedad Especificación Ingredientes Ingredientes 100% café arábica Ver condiciones de promociones Cookies ? ! i Política general sobre Cookies × En Metro.pe nos preocupamos por mejorar tu experiencia de compra, sin descuidar la protección de tus datos personales. En consecuencia Metro.pe, usa dos tipos de cookies las Funcionales y las de Analítica y Optimización ¿consiente el uso de las cookies? Sí Acepto Configuración de Cookies Política de Cookies",,,,,,unknown,
¿Que buscas hoy?,"¿Que buscas hoy? ¿Cómo quieres recibir tu pedido? Elegir Desayuno Café e Infusiones Café Molido y Granos Café Molido y Tostado Cuisine & Co 500g Configuraciones ProductData {""allow_notes"":false,""allow_substitute"":true,""cart_limit"":""0"",""brandName"":""Cuisine & Co"",""brandEcomId"":""9885"",""measurement_unit"":""un"",""unit_multiplier"":1,""measurement_unit_selector"":false} SkuData {""39200897"":{""ref_id"":""932780"",""cart_limit"":12,""allow_notes"":true,""allow_substitute"":true,""measurement_unit"":""un"",""unit_multiplier"":1,""promotions"":[],""url_canonical"":"""",""measurement_unit_selector"":false,""release_data"":{""is_new"":false}}} Características Destacadas Tipo de Producto Café Grano Molido Observaciones y Recomendaciones Origen Nacional Café Molido y Tostado Cuisine & Co 500g Cuisine & Co Referencia : 932780 Tarjeta Cencosud S/ 30 . 51 S/ 33 . 90 Cantidad ＋ － Agregar Certificados Ver todos Características Principales Contiene 500 gramos Caf tostado y molido Tosti¢n oscura Amargor alto Cuerpo medio Aroma intenso Descripción Información Nutricional Especificaciones Comentarios Especificaciones técnicas Propiedad Especificación Ingredientes Ingredientes Café arábica 100% Ver condiciones de promociones Podrían interesarte Café en Grano Lucaffé Espresso 700g [TCENCO] Oct25 - Abarrotes Comestible Con 10% Dscto Con TC Metro del 01al31 Octubre Tarjeta Cencosud S/ 74 . 61 Precio Online S/ 82 . 90 true - 11% Café Molido Artidoro Rodríguez Doypack 250 g [TCENCO] Oct25 - Abarrotes Comestible Con 10% Dscto Con TC Metro del 01al31 Octubre Tarjeta Cencosud S/ 35 . 91 Precio Online S/ 39 . 90 Precio regular S/ 45.00 true - 13% AZUCAR Chocolate en Cápsulas Nescafé Dolce Gusto Chocochino 5 Porciones [TCENCO] Oct25 - Abarrotes Comestible Con 10% Dscto Con TC Metro del 01al31 Octubre Tarjeta Cencosud S/ 23 . 31 Precio Online S/ 25 . 90 Precio regular S/ 29.90 true Café Molido Aicasa Gourmet 250g [TCENCO] Oct25 - Abarrotes Comestible Con 10% Dscto Con TC Metro del 01al31 Octubre Tarjeta Cencosud S/ 28 . 35 Precio O",,4500,,,,unknown,
¿Que buscas hoy?,"¿Que buscas hoy? ¿Cómo quieres recibir tu pedido? Elegir Abarrotes Aceites Aceites Vegetales Aceite Vegetal Primor Premium Botella 900ml Descripción <div class=""contenidoseo""><h3>Aceite Vegetal Primor Premium 900 ml</h3>¡Acompaña tus comidas, ensaladas, almuerzos saludables y más con el aceite vegetal Primor Premium! Cómpralo hoy al precio más bajo.El aceite vegetal es uno de los aceites de cocina más utilizados en el mundo. Está hecho de fuentes vegetales y se puede extraer de varias plantas diferentes. De allí que encontremos distintas versiones, cada una con propiedades diferentes y nutritivas.En el caso del aceite Vegetal Primor Premium, este está hecho a base de 100% vegetal, con un menor porcentaje de grasas saturadas que complementarán perfectamente tu dieta. Y, su rendidora presentación en botella de 900 ml hará que cuentes con este componente básico de tus comidas por un tiempo mayor a un cómodo precio.<h3>Beneficios del Aceite Vegetal Primor Premium</h3>El aceite vegetal Primor Premium tiene muchos beneficios para la salud. Entre ellos está el hecho de que es un poderoso aliado para controlar los niveles de colesterol en la sangre, lo contribuye también a la reducción de enfermedades cardíacas y accidentes cerebrovasculares. Pero esto no es todo dado que el aceite vegetal también contribuye en la conservación de una piel más lozana y joven al mismo tiempo en que fortalece el cuero cabelludo, aportando brillo y resistencia. De allí que algunas personas lo incluyan en sus rutinas de limpieza facial para la elaboración de mascarillas para el rostro o cabello.Además de esto, el aceite vegetal Primo Premium es fácil de conservar dados sus componentes, los cuales le impiden descomponerse rápidamente. A esto se le añade su generosa presentación de 900 ml, la cual ayuda a que se extienda su duración y, por supuesto, el ahorro que esto trae.<h3>Ideas para preparar con aceite vegetal</h3>El Aceite Vegetal Primor Premium puede ser tu compañero ideal para todo tipo de",,920,,,,unknown,
¿Que buscas hoy?,"¿Que buscas hoy? ¿Cómo quieres recibir tu pedido? Elegir Abarrotes Aceites Aceites Vegetales Aceite Vegetal Metro 900ml Configuraciones ProductData {""allow_notes"":true,""allow_substitute"":true,""cart_limit"":""0"",""brandName"":""Metro"",""brandEcomId"":""2000891"",""measurement_unit"":""un"",""unit_multiplier"":1,""measurement_unit_un"":""UN"",""unit_multiplier_un"":0,""measurement_unit_selector"":false} SkuData {""34190"":{""ref_id"":""717239"",""cart_limit"":12,""allow_notes"":true,""allow_substitute"":true,""measurement_unit"":""un"",""unit_multiplier"":1,""promotions"":[""1300499"",""1515113"",""1533964"",""1970543""],""url_canonical"":"""",""measurement_unit_un"":""UN"",""unit_multiplier_un"":0,""measurement_unit_selector"":false,""release_data"":{""date_release"":""12-06-2024 00:00"",""date_release_end"":""12-07-2024 00:00"",""is_new"":false}}} Características Destacadas Tipo de Producto Aceite Vegetal Observaciones y Recomendaciones Origen Importado Aceite Vegetal Metro 900ml Metro Referencia : 717239 - 8% Tarjeta Cencosud S/ 5 . 42 S/ 5 . 70 S/ 6 . 20 Cantidad ＋ － Agregar Certificados Ver todos Características Principales Contiene 900 ml Aceite vegetal A base de soya Descripción Información Nutricional Especificaciones Comentarios Especificaciones técnicas Propiedad Especificación Ingredientes Ingredientes Aceite refinado de soya, Soya Ver condiciones de promociones Podrían interesarte Aceite Vegetal Primor Premium 900ml + Mayonesa AlaCena 850g [TCENCO] Oct25 - Abarrotes Comestible Con 5% Dscto Con TC Metro del 01al31 Octubre Tarjeta Cencosud S/ 29 . 07 Precio Online S/ 30 . 60 true Aceite Primor Botella 5 Litros [TCENCO] Oct25 - Abarrotes Comestible Con 5% Dscto Con TC Metro del 01al31 Octubre Tarjeta Cencosud S/ 52 . 16 Precio Online S/ 54 . 90 true Pack Primor: Aceite Vegetal 900ml + Filete de Atún 140g [TCENCO] Oct25 - Abarrotes Comestible Con 5% Dscto Con TC Metro del 01al31 Octubre Tarjeta Cencosud S/ 15 . 86 Precio Online S/ 16 . 70 true Sixpack Aceite Vegetal Primor Clásico 900ml Precio Online AGOTADO Sixpack Aceite Vegetal Pr",,2000,,,,unknown,
¿Que buscas hoy?,"¿Que buscas hoy? ¿Cómo quieres recibir tu pedido? Elegir Abarrotes Aceites Aceites Vegetales Aceite de Soya Sao Botella 900ml Configuraciones ProductData {""allow_notes"":true,""allow_substitute"":true,""cart_limit"":""0"",""brandName"":""Sao"",""brandEcomId"":""815"",""measurement_unit"":""un"",""unit_multiplier"":1,""measurement_unit_un"":""UN"",""measurement_unit_selector"":false} SkuData {""37019"":{""ref_id"":""31484"",""cart_limit"":24,""allow_notes"":true,""allow_substitute"":true,""measurement_unit"":""un"",""unit_multiplier"":1,""promotions"":[""1492459"",""1597052"",""1621240"",""1942995"",""3123808"",""3484729"",""3492371"",""4150767""],""url_canonical"":"""",""measurement_unit_un"":""UN"",""measurement_unit_selector"":false,""release_data"":{""is_new"":false}}} Características Destacadas Tipo de Producto Aceite de Soya Observaciones y Recomendaciones Origen Nacional Aceite de Soya Sao Botella 900ml Sao Referencia : 31484 - 6% Tarjeta Cencosud S/ 6 . 37 S/ 6 . 70 S/ 7 . 10 Cantidad ＋ － Agregar Certificados Ver todos Características Principales A¤ade un toque de sabor y calidad a tus platillos con el aceite de soya Sao. Con su presentaci¢n en botella de 900 ml, tendr s suficiente aceite para tus diversos platillos. Caracter¡sticas Principales: Contiene 900 ml Aceite de 100% soya Descripción Información Nutricional Especificaciones Comentarios Especificaciones técnicas Propiedad Especificación Ingredientes Ingredientes Aceite de soya, Aceite de soya, Aceite de oleína de palma, Aceite de soya, Aceite de girasol, Aceite de oleína de palma Ver condiciones de promociones Podrían interesarte Twopack Aceite de Soya Costeño 900ml [TCENCO] Oct25 - Abarrotes Comestible Con 5% Dscto Con TC Metro del 01al31 Octubre Tarjeta Cencosud S/ 17 . 10 Precio Online S/ 18 . 00 true Aceite Vegetal Metro 5L [TCENCO] Oct25 - Abarrotes Comestible Con 5% Dscto Con TC Metro del 01al31 Octubre Tarjeta Cencosud S/ 31 . 26 Precio Online S/ 32 . 90 true Aceite Primor Botella 5 Litros [TCENCO] Oct25 - Abarrotes Comestible Con 5% Dscto Con TC Metro del 01al31 Octubr",,2200,,,,unknown,
¿Que buscas hoy?,"¿Que buscas hoy? ¿Cómo quieres recibir tu pedido? Elegir Abarrotes Aceites Aceites Vegetales Aceite Vegetal Máxima 900ml Configuraciones ProductData {""allow_notes"":true,""allow_substitute"":true,""cart_limit"":""0"",""brandName"":""Maxima"",""brandEcomId"":""2000893"",""measurement_unit"":""un"",""unit_multiplier"":1,""measurement_unit_un"":""UN"",""measurement_unit_selector"":false} SkuData {""39135918"":{""ref_id"":""717238"",""cart_limit"":3,""allow_notes"":true,""allow_substitute"":true,""measurement_unit"":""un"",""unit_multiplier"":1,""promotions"":[""1130515"",""1597053""],""url_canonical"":"""",""measurement_unit_un"":""UN"",""measurement_unit_selector"":false,""release_data"":{""is_new"":false}}} Características Destacadas Tipo de Producto Aceite Vegetal Observaciones y Recomendaciones Origen Importado Aceite Vegetal Máxima 900ml Maxima Referencia : 717238 Tarjeta Cencosud S/ 5 . 61 S/ 5 . 90 Cantidad ＋ － Agregar Certificados Ver todos Características Principales Contiene 900 ml Aceite vegetal A base de soya Descripción Especificaciones Comentarios Especificaciones técnicas Propiedad Especificación Ver condiciones de promociones Podrían interesarte Aceite Vegetal Deleite Premium 900ml [TCENCO] Oct25 - Abarrotes Comestible Con 5% Dscto Con TC Metro del 01al31 Octubre Precio Online S/ 7 . 35 true Twopack Aceite de Soya Costeño 900ml [TCENCO] Oct25 - Abarrotes Comestible Con 5% Dscto Con TC Metro del 01al31 Octubre Precio Online S/ 18 . 00 true Aceite Vegetal Metro 5L [TCENCO] Oct25 - Abarrotes Comestible Con 5% Dscto Con TC Metro del 01al31 Octubre Precio Online S/ 32 . 90 true Sixpack Aceite Vegetal Primor Clásico 900ml Precio Online AGOTADO Sixpack Aceite Vegetal Primor Premium 900ml Precio Online AGOTADO - 16% Twopack Aceite Vegetal Primor Clásico 900ml [TCENCO] Oct25 - Abarrotes Comestible Con 5% Dscto Con TC Metro del 01al31 Octubre Precio Online S/ 16 . 90 Precio regular S/ 20.00 true - 24% Aceite Vegetal Primor Clásico Botella 1.8L [TCENCO] Oct25 - Abarrotes Comestible Con 5% Dscto Con TC Metro del 01al31 Octubre P",,2000,,,,unknown,
¿Que buscas hoy?,"¿Que buscas hoy? ¿Cómo quieres recibir tu pedido? Elegir Abarrotes Aceites Aceites Vegetales Aceite Vegetal Cuisine & Co 900ml Descripción <div class=""contenidoseo"">\r\n<h3>Aceite Vegetal Cuisine&Co Botella 900 ml</h3> ¡Prepara deliciosas ensaladas, almuerzos saludables y más con el aceite vegetal de Cuisine&Co! Encuéntralo a los precios más bajos aquí en Metro.\r\nEl aceite vegetal, conocido también como aceite de cocina, es uno de los más utilizados para la preparación de distintos platillos como las papas fritas, ensaladas de fideos, preparar aderezos de segundos o platos de fondo, elaborar postres, entre otros.\r\nComo podrás ver, el aceite vegetal es un infaltable de tu cocina. Por lo que contar con una botella rendidora como la del Aceite Vegetal Cuisine&Co de 900ml te ayudará a contar siempre con este producto en tu alacena o despensa sin que esto signifique un mayor gasto en tu presupuesto semanal.\r\n\r\n<h3>Beneficios del Aceite Vegetal</h3> ¿Sabías que los aceites vegetales tienen numerosos beneficios, sea que los consumas directamente o quieras darles otro uso?\r\nTal como lo oyes, el aceite vegetal aporta numerosos nutrientes no solo cuando lo consumes, sino que también posee otras cualidades que puedes identificar rápidamente.\r\nPrimero, son libres de colesterol dado que están hechos a base de plantas. De allí que puedas darle uso dentro de tu dieta de alimentación sana o en un menú saludable. De hecho, consumirlos en platillos sanos contribuirá positivamente a disminuir el riesgo de enfermedades cardiovasculares o reducir tus niveles de colesterol en la sangre.\r\nPero ese no es su único beneficio dado que al ser naturalmente antioxidantes por estar hecho de plantas, el aceite vegetal prevendrá una vejez prematura. De allí que si ex virgen o extra virgen, podrás aprovechar mejor estos beneficios.\r\nAsimismo, algo de lo que nunca debes preocuparte es dónde guardas el aceite dado que por su composición, podrás colocarlos dónde puedas y no sufrirán efe",,620,,,,unknown,
¡Lo mejor te está esperando!,"¡Lo mejor te está esperando! Descarga la app Departamentos Inicia sesión Ofertas de la semana Listas Alsuper Club Alsuper Alsuper card Estás en Alsuper Plus Leones 90 min Inicio > Despensa > Granos > Arroz Extra Mimarca 906 G Detalles: El Arroz Extra de MiMarca en presentación de 906 gramos es la elección perfecta para tus comidas. Este arroz de alta calidad garantiza gran sabor y textura en cada bocado. Ideal para preparar tus platillos favoritos, desde pa ... Ver más Arroz Extra Mimarca 906 g $17.90 $24.90 -29% Agregar al carrito Favoritos Agregar a una lista Recomendados -29% $17.90 $24.90 Arroz Extra Mimarca 906 G 906 GR Agregar $36.90 $39.90 Arroz Super Extra Verde Valle 900 ... 900 GR Agregar $23.90 $24.90 Arroz Super Extra Mybrand 906 G 906 GR Agregar $29.90 Arroz Grano Largo Gran Cosecha 900 ... 900 GR Agregar $74.90 $79.90 Arroz Super Extra Verde Valle 2 Kg 2 KG Agregar $42.90 Arroz Grano Extra Largo Diamante 90... 900 GR Agregar $34.90 Arroz Super Extra Grueso Sos 907 G 907 GR Agregar $92.90 Arroz Blanco Orgánico Aires De Cam... 1 KG Agregar $34.90 Arroz Super Extra Precocido Sos 907... 907 GR Agregar $37.90 Arroz Super Extra Diamante 750 G 750 GR Agregar $24.90 Arroz Grano Extra Largo En Caja Ric... 454 GR Agregar -25% $69.90 $92.90 Arroz Organico Integral Aires De Ca... 1 KG Agregar $54.90 Cerveza Botella Rice Lager Asahi 33... 330 ML Agregar $49.90 $56.90 Salsa De Soya Con Chiles Kikkoman 2... 200 GR Agregar $15.90 $18.90 Grano De Elote Dorado Clemente Jaq... 410 GR Agregar -21% $18.90 $23.90 Atun En Agua Tuny 130 G 130 GR Agregar $11.90 $13.90 Grano De Elote Dorado Clemente Jaq... 220 GR Agregar $64.90 Cerveza Six Pack Lata Light Budligh... 330 ML Agregar $19.90 $22.90 Cacahuates Japones Karate 127 G 127 GR Agregar $23.90 $25.90 Arroz Cazerola 907 G 907 GR Agregar 5 x $50 $11.90 $13.90 Alimento Humedo P/perro Todas Las Ra... 100 GR Agregar $41.90 $47.90 Atun Jumbo En Agua Tuny 295 G 295 GR Agregar $11.90 Arroz Con Leche Lala 125 G 125 GR Agregar $48.90",,1790,,,,unknown,
¿Que buscas hoy?,"¿Que buscas hoy? ¿Cómo quieres recibir tu pedido? Elegir Lácteos Leches Leches Frescas y UHT Leche UHT Gloria Light Caja 946ml Configuraciones ProductData ProductData SkuData {""8516"":{""ref_id"":""59533001"",""cart_limit"":24,""allow_notes"":true,""allow_substitute"":true,""measurement_unit"":""un"",""unit_multiplier"":1,""promotions"":[],""url_canonical"":"""",""measurement_unit_un"":""UN"",""measurement_unit_selector"":false,""release_data"":{""is_new"":false}}} Características Destacadas Tipo de Producto Leche parcialmente descremada Observaciones y Recomendaciones Origen Nacional Leche UHT Gloria Light Caja 946ml Gloria Referencia : 59533001 Tarjeta Cencosud S/ 6 . 18 S/ 6 . 50 Cantidad ＋ － Agregar Certificados Ver todos Características Principales Contiene 946 ml Leche parcialmente descremada UHT Con vitaminas A y D Con 68% menos grasa Descripción Información Nutricional Especificaciones Comentarios Especificaciones técnicas Propiedad Especificación Ingredientes Ingredientes Leche descremada, Leche cruda, Estabilizador hidrogenfosfato disódico (sin 339 ii), Vitamina a, Vitamina d Puede contener Ingredientes Trazas de Gluten (avena), Soya Ver condiciones de promociones Podrían interesarte Bebida con Avena y Canela Laive Deli Avena 250ml [TCENCO] Oct25 - Abarrotes Comestible Con 5% Dscto Con TC Metro del 01al31 Octubre Tarjeta Cencosud S/ 3 . 04 Precio Online S/ 3 . 20 true Leche con Vitaminas Gloria Niños Caja 946ml [TCENCO] Oct25 - Abarrotes Comestible Con 5% Dscto Con TC Metro del 01al31 Octubre Tarjeta Cencosud S/ 6 . 18 Precio Online S/ 6 . 50 true Bebida Sabor Capuccino Laive Muuu Shake 230ml [TCENCO] Oct25 - Abarrotes Comestible Con 5% Dscto Con TC Metro del 01al31 Octubre Tarjeta Cencosud S/ 3 . 33 Precio Online S/ 3 . 50 true Bebida Sabor Chocolate Laive Muuu Shake 230ml [TCENCO] Oct25 - Abarrotes Comestible Con 5% Dscto Con TC Metro del 01al31 Octubre Tarjeta Cencosud S/ 3 . 33 Precio Online S/ 3 . 50 true Bebida Yofresh Lúcuma Botella 970g [TCENCO] Oct25 - Abarrotes Comestible Con 5%",,2350,,,,unknown,
¿Que buscas hoy?,"¿Que buscas hoy? ¿Cómo quieres recibir tu pedido? Elegir Lácteos Leches Leches Frescas y UHT Leche Semidescremada UHT Laive Sin Lactosa Light Caja 946ml Configuraciones ProductData {""allow_notes"":false,""allow_substitute"":true,""cart_limit"":""12"",""brandName"":""Laive"",""brandEcomId"":""522"",""measurement_unit"":""un"",""unit_multiplier"":1,""measurement_unit_selector"":false} SkuData {""39257365"":{""ref_id"":""998405"",""cart_limit"":12,""allow_notes"":true,""allow_substitute"":true,""measurement_unit"":""un"",""unit_multiplier"":1,""promotions"":[],""url_canonical"":"""",""measurement_unit_selector"":false,""release_data"":{""is_new"":false}}} Características Destacadas Tipo de Producto Leche Semidescremada Observaciones y Recomendaciones Origen Nacional Leche Semidescremada UHT Laive Sin Lactosa Light Caja 946ml Cargando comentarios... Laive Referencia : 998405 S/ 5 . 90 Cantidad ＋ － Agregar Certificados Ver todos Características Principales Contiene 946 ml Leche semidescremada sin lactosa Reducido en grasa Cookies ? ! i Política general sobre Cookies × En Metro.pe nos preocupamos por mejorar tu experiencia de compra, sin descuidar la protección de tus datos personales. En consecuencia Metro.pe, usa dos tipos de cookies las Funcionales y las de Analítica y Optimización ¿consiente el uso de las cookies? Sí Acepto Configuración de Cookies Política de Cookies",,,,,,unknown,
¿Que buscas hoy?,"¿Que buscas hoy? ¿Cómo quieres recibir tu pedido? Elegir Lácteos Leches Leches Frescas y UHT Leche Uht Vigor Bolsa 800ml Configuraciones ProductData {""allow_notes"":false,""allow_substitute"":true,""cart_limit"":""12"",""brandName"":""Vigor"",""brandEcomId"":""970"",""measurement_unit"":""un"",""unit_multiplier"":1,""measurement_unit_selector"":false} SkuData {""39209457"":{""ref_id"":""976395"",""cart_limit"":12,""allow_notes"":true,""allow_substitute"":true,""measurement_unit"":""un"",""unit_multiplier"":1,""promotions"":[],""url_canonical"":"""",""measurement_unit_selector"":false,""release_data"":{""is_new"":false}}} Características Destacadas Tipo de Producto Leche Entera Beneficios Aporta calcio y fósforo Contenido 800 ml Envase Bolsa Formato Líquido Sabor Leche Almacenamiento En lugar fresco y seco Funciones | Componentes Duración 4 meses Otras Características Pack-Unitario Unitario Surtido Si Observaciones y Recomendaciones Origen Nacional Leche Uht Vigor Bolsa 800ml Vigor Referencia : 976395 Tarjeta Cencosud S/ 4 . 47 S/ 4 . 70 Cantidad ＋ － Agregar Certificados Ver todos Características Principales No necesita refrigeraci¢n Leche hecha de leche de vaca Contenido: 800 ml Descripción Información Nutricional Especificaciones Comentarios Especificaciones técnicas Propiedad Especificación Ingredientes Ingredientes Leche semidescremada Puede contener Ingredientes Trazas de Derivados lácteos Ver condiciones de promociones Podrían interesarte Leche Entera UHT Gloria Bolsa 800ml [TCENCO] Oct25 - Abarrotes Comestible Con 5% Dscto Con TC Metro del 01al31 Octubre Tarjeta Cencosud S/ 4 . 74 Precio Online S/ 4 . 99 true Sixpack Bebida Láctea Gloria Pro Day Vainilla Botella 320ml [TCENCO] Oct25 - Abarrotes Comestible Con 5% Dscto Con TC Metro del 01al31 Octubre Tarjeta Cencosud S/ 24 . 60 Precio Online S/ 25 . 90 true Sixpack Leche UHT Gloria Shake Sabor Capuccino Botella 320ml [TCENCO] Oct25 - Abarrotes Comestible Con 5% Dscto Con TC Metro del 01al31 Octubre Tarjeta Cencosud S/ 19 . 48 Precio Online S/ 20 . 50 true AZUCAR ",,550,,,,unknown,
¿Que buscas hoy?,"¿Que buscas hoy? ¿Cómo quieres recibir tu pedido? Elegir Lácteos Leches Leches Frescas y UHT Leche Deslactosada Danlac Light Botella 900ml Configuraciones ProductData {""allow_notes"":true,""allow_substitute"":true,""cart_limit"":""12"",""brandName"":""Danlac"",""brandEcomId"":""224"",""measurement_unit"":""un"",""unit_multiplier"":1,""unit_multiplier_un"":0,""measurement_unit_selector"":false} SkuData {""39254015"":{""ref_id"":""986461"",""cart_limit"":12,""allow_notes"":true,""allow_substitute"":true,""measurement_unit"":""un"",""unit_multiplier"":1,""promotions"":[],""url_canonical"":"""",""unit_multiplier_un"":0,""measurement_unit_selector"":false,""release_data"":{""date_release"":""29-05-2024 00:00"",""date_release_end"":""28-06-2024 00:00"",""is_new"":false}}} Características Destacadas Tipo de Producto Leche Deslactosada Observaciones y Recomendaciones Origen Nacional Leche Deslactosada Danlac Light Botella 900ml Danlac Referencia : 986461 Tarjeta Cencosud S/ 8 . 07 S/ 8 . 50 Cantidad ＋ － Agregar Certificados Ver todos Características Principales Contiene 900 ml 100% leche de vaca Con 42% menos grasa Cookies ? ! i Política general sobre Cookies × En Metro.pe nos preocupamos por mejorar tu experiencia de compra, sin descuidar la protección de tus datos personales. En consecuencia Metro.pe, usa dos tipos de cookies las Funcionales y las de Analítica y Optimización ¿consiente el uso de las cookies? Sí Acepto Configuración de Cookies Política de Cookies Recuerda escribir al menos 3 letras en el cuadro de búsqueda Términos más buscados 1. busca 2. leche 3. hot wheels 4. arroz 5. pollo Marcas sugeridas",,,,,,unknown,
¿Que buscas hoy?,"¿Que buscas hoy? ¿Cómo quieres recibir tu pedido? Elegir Lácteos Leches Leches Frescas y UHT Leche UHT Light Cuisine & Co Caja 1L Configuraciones ProductData {""allow_notes"":false,""allow_substitute"":true,""cart_limit"":""12"",""brandName"":""Cuisine & Co"",""brandEcomId"":""9885"",""measurement_unit"":""un"",""unit_multiplier"":1,""measurement_unit_un"":""UN"",""measurement_unit_selector"":false} SkuData {""39150513"":{""ref_id"":""782439"",""cart_limit"":12,""allow_notes"":true,""allow_substitute"":true,""measurement_unit"":""un"",""unit_multiplier"":1,""promotions"":[""229039"",""231433"",""324213"",""324225"",""404188"",""462628"",""462641"",""703835"",""951935"",""1205676"",""3890417""],""url_canonical"":"""",""measurement_unit_un"":""UN"",""measurement_unit_selector"":false,""release_data"":{""is_new"":false}}} Características Destacadas Tipo de Producto Leche Entera Observaciones y Recomendaciones Origen Nacional Leche UHT Light Cuisine & Co Caja 1L Cuisine & Co Referencia : 782439 Tarjeta Cencosud S/ 5 . 61 S/ 5 . 90 Cantidad ＋ － Agregar Certificados Ver todos Características Principales Contenido de 1 litro Ingredientes: leche parcialmente descremada de vaca No apto para lactantes, excepto por recomendaci¢n mdica Origen: Polonia - ver m s Descripción Información Nutricional Especificaciones Comentarios Especificaciones técnicas Propiedad Especificación Ingredientes Ingredientes Leche parcialmente descremada de vaca, Leche Ver condiciones de promociones Podrían interesarte Leche Fresca Piamonte Bolsa 950 ml [TCENCO] Oct25 - Abarrotes Comestible Con 5% Dscto Con TC Metro del 01al31 Octubre Tarjeta Cencosud S/ 7 . 13 Precio Online S/ 7 . 50 true Sixpack Bebida Láctea Gloria Pro Day Vainilla Botella 320ml [TCENCO] Oct25 - Abarrotes Comestible Con 5% Dscto Con TC Metro del 01al31 Octubre Tarjeta Cencosud S/ 24 . 60 Precio Online S/ 25 . 90 true Sixpack Leche UHT Gloria Shake Sabor Capuccino Botella 320ml [TCENCO] Oct25 - Abarrotes Comestible Con 5% Dscto Con TC Metro del 01al31 Octubre Tarjeta Cencosud S/ 19 . 48 Precio Online S/ 20 . 50 tru",,1190,,,,unknown,
¿Que buscas hoy?,"¿Que buscas hoy? ¿Cómo quieres recibir tu pedido? Elegir Carnes, Aves y Pescados Aves y Huevos Huevos Huevos Clásicos Pardos La Calera 30un Descripción <h2>Huevos La Calera: frescura y calidad en nuestro pack de 30 unidades</h2> <p>Descubre la calidad de los <a href=""https://www.metro.pe/la-calera""><strong>Huevos Clásicos Pardos La Calera</strong></a>. Cada uno de nuestros <strong>huevos pardos</strong> es cuidadosamente seleccionado para garantizar la máxima frescura y un sabor excepcional en todas tus comidas. Con este conveniente <strong>pack de 30 unidades</strong>, tendrás la base perfecta para desayunos nutritivos, postres deliciosos y platillos salados. Aprovecha los mejores precios de <a href=""https://www.metro.pe/carnes-aves-y-pescados/aves-y-huevos/huevos"">huevos</a> en el mercado, obteniendo una solución práctica y económica para tu hogar. Entendemos que el precio de los huevos es importante, por eso te ofrecemos una opción que combina economía con la excelencia que solo <strong>La Calera</strong> puede brindar.</p> <h2>La calidad y versatilidad que tu cocina necesita</h2> <p>Con los <strong>Huevos Clásicos Pardos La Calera de 30 unidades</strong>, simplificas tus compras y aseguras un ingrediente esencial siempre a mano. Su versatilidad te permite explorar un sinfín de recetas, desde una tortilla rápida y nutritiva hasta complejos postres horneados, elevando el nivel de tu cocina diaria. Disfruta de la tranquilidad de tener un producto fresco y de confianza, ideal para la alimentación de toda la familia y perfecto para tus momentos de creatividad culinaria.</p> <h2>¡Compra tus Huevos Pardos La Calera al mejor precio hoy!</h2> <p>No dejes pasar la oportunidad de adquirir tus <strong>Huevos Clásicos Pardos La Calera</strong>. Visita nuestro sitio para conocer los precios actualizados y aprovechar esta oferta imperdible. Consigue el <strong>pack de 30 huevos</strong> a un precio competitivo ahora mismo en <strong>Metro.pe</strong> y recíbelos cómodamente en",,1190,,,,unknown,
¿Que buscas hoy?,"¿Que buscas hoy? ¿Cómo quieres recibir tu pedido? Elegir Carnes, Aves y Pescados Aves y Huevos Huevos Huevos Pardos Metro 30un Descripción <h2><span style=""font-weight: 400;"">&iquest;Por qu&eacute; comprar la Caja de Huevos Metro de 30 Unidades?</span></h2> <p><span style=""font-weight: 400;"">Cuando se trata de alimentos esenciales, </span><strong>comprar huevos</strong><span style=""font-weight: 400;""> en grandes cantidades ofrece m&uacute;ltiples ventajas.&nbsp;</span></p> <p><span style=""font-weight: 400;"">Para ello, la </span><strong>caja de huevos Metro de 30 unidades</strong><span style=""font-weight: 400;""> es una opci&oacute;n ideal para aquellos que buscan calidad y cantidad a un precio accesible.&nbsp;</span></p> <p><span style=""font-weight: 400;"">Este tipo de presentaci&oacute;n asegura que tengas siempre huevos frescos y disponibles, permiti&eacute;ndote ahorrar tiempo y dinero.</span></p> <h2><span style=""font-weight: 400;"">Huevos Pardos: Calidad y nutrici&oacute;n</span></h2> <p><span style=""font-weight: 400;"">Los </span><strong>huevos pardos</strong><span style=""font-weight: 400;""> que vienen en la </span><strong>caja de 30 huevos</strong><span style=""font-weight: 400;""> son conocidos por su rica calidad nutricional. Son una fuente excelente de prote&iacute;nas, vitaminas y minerales que benefician tanto a los adultos como a los ni&ntilde;os.&nbsp;</span></p> <p><span style=""font-weight: 400;"">Adem&aacute;s, la venta de huevos en este formato te permite tener un producto vers&aacute;til en la cocina, ya que pueden almacenarse durante varias semanas sin perder su frescura.&nbsp;</span></p> <p><span style=""font-weight: 400;"">Esto es especialmente conveniente para familias grandes o para quienes cocinan de manera habitual.</span></p> <h2><span style=""font-weight: 400;"">&iquest;C&oacute;mo usar los Huevos Pardos Metro en la cocina?</span></h2> <p><span style=""font-weight: 400;"">La versatilidad de los </span><strong>Huevos Metro</strong><span style=""font-weig",,2090,,,,unknown,
¿Que buscas hoy?,"¿Que buscas hoy? ¿Cómo quieres recibir tu pedido? Elegir Carnes, Aves y Pescados Aves y Huevos Huevos Huevos Pardos Artisan 15un Configuraciones ProductData {""allow_notes"":false,""allow_substitute"":true,""cart_limit"":""0"",""brandName"":""Avinka"",""brandEcomId"":""2001613"",""measurement_unit"":""un"",""unit_multiplier"":1,""unit_multiplier_un"":0,""measurement_unit_selector"":false} SkuData {""39198399"":{""ref_id"":""964245"",""cart_limit"":8,""allow_notes"":true,""allow_substitute"":true,""measurement_unit"":""un"",""unit_multiplier"":1,""promotions"":[""4230381""],""url_canonical"":"""",""unit_multiplier_un"":0,""measurement_unit_selector"":false,""release_data"":{""date_release"":""18-01-2024 00:00"",""date_release_end"":""17-02-2024 00:00"",""is_new"":false}}} Características Destacadas Tipo de Producto Huevos de Gallina Observaciones y Recomendaciones Origen Nacional Huevos Pardos Artisan 15un Avinka Referencia : 964245 S/ 14 . 90 Cantidad ＋ － Agregar Certificados Ver todos Características Principales Cantidad: 15 unidades Huevos pardos Gallinas libres de jaulas Libre de antibi¢ticos Descripción Especificaciones Comentarios Especificaciones técnicas Propiedad Especificación Ingredientes Ingredientes Huevos pardos Ver condiciones de promociones Podrían interesarte Huevos para el Ande La Calera 15un Precio Online S/ 11 . 90 true - 6% Huevos Pardos Orgánicos Vida Orgánica 12un Precio Online S/ 15 . 50 Precio regular S/ 16.50 true Huevos Org nicos Pachacamac 12un Precio Online S/ 17 . 50 true Huevos Pardos Super Jumbo Metro Bandeja 10 Unid Precio Online S/ 11 . 75 true Huevos la Calera: Huevos Pardos 14un + Huevo Sorpresa Precio Online S/ 18 . 20 true - 6% Huevos Clásicos Pardos La Calera 30un Precio Online S/ 21 . 90 Precio regular S/ 23.30 true - 11% Huevos Pardo San Fernando 30un Precio Online S/ 20 . 90 Precio regular S/ 23.60 true Huevo de Corral La Calera 12un. Precio Online S/ 14 . 50 true Huevos Pardos Artisan 15un Precio Online S/ 14 . 90 true Huevos de Corral Metro 12un Precio Online S/ 13 . 70 true Huevos para el ",,1650,,,,unknown,
¿Que buscas hoy?,"¿Que buscas hoy? ¿Cómo quieres recibir tu pedido? Elegir Carnes, Aves y Pescados Aves y Huevos Huevos Huevos Gallinas Libres 12un Configuraciones ProductData {""allow_notes"":false,""allow_substitute"":true,""cart_limit"":""0"",""brandName"":""La Calera"",""brandEcomId"":""2784"",""measurement_unit"":""un"",""unit_multiplier"":1,""measurement_unit_selector"":false} SkuData {""39202141"":{""ref_id"":""969114"",""cart_limit"":8,""allow_notes"":true,""allow_substitute"":true,""measurement_unit"":""un"",""unit_multiplier"":1,""promotions"":[""4230380""],""url_canonical"":"""",""measurement_unit_selector"":false,""release_data"":{""is_new"":false}}} Características Destacadas Tipo de Producto Huevos Gallina Libre Observaciones y Recomendaciones Origen Nacional Huevos Gallinas Libres 12un La Calera Referencia : 969114 S/ 15 . 90 Cantidad ＋ － Agregar Certificados Ver todos Características Principales Cantidad: 12 huevos Huevos de gallinas libres Dieta libre de antibi¢ticos Primeros certificados en el Per£ en libre pastoreo Descripción Especificaciones Comentarios Especificaciones técnicas Propiedad Especificación Ingredientes Ingredientes Huevo Ver condiciones de promociones Podrían interesarte - 12% Huevos Pardo San Fernando 15un Precio Online S/ 10 . 50 Precio regular S/ 11.90 true Huevitos de Codorniz Reyal Bandeja 24 Unid Precio Online S/ 10 . 20 true Huevos Pardos Metro Bandeja 8 Unid Precio Online S/ 6 . 49 true Huevitos de Codorniz Avicod Bandeja 18 Unid Precio Online S/ 8 . 70 true HUEVOS X15 LA CALERA + 3 GRATIS Precio Online S/ 11 . 50 true - 10% Huevos Pardos Metro 30un Precio Online S/ 18 . 90 Precio regular S/ 20.90 true - 6% Huevos Clásicos Pardos La Calera 30un Precio Online S/ 21 . 90 Precio regular S/ 23.30 true Huevos Pardos Metro 15un Precio Online S/ 10 . 99 true Huevo de Corral La Calera 12un. Precio Online S/ 14 . 50 true Huevos Pardos Artisan 15un Precio Online S/ 14 . 90 true - 12% Huevos Pardo San Fernando 15un Precio Online S/ 10 . 50 Precio regular S/ 11.90 true Huevitos de Codorniz Reyal Bandeja 24 U",,1190,,,,unknown,
¿Que buscas hoy?,"¿Que buscas hoy? ¿Cómo quieres recibir tu pedido? Elegir Carnes, Aves y Pescados Aves y Huevos Huevos Huevos Pardo San Fernando 30un Configuraciones ProductData ProductData SkuData SkuData Características Destacadas Tipo de Producto Huevos Pardo Observaciones y Recomendaciones Origen Nacional Huevos Pardo San Fernando 30un San Fernando Referencia : 1035943 - 11% S/ 20 . 90 S/ 23 . 60 Cantidad ＋ － Agregar Certificados Ver todos Características Principales Cantidad: 30 unidades Huevos frescos y seleccionados Descripción Especificaciones Comentarios Especificaciones técnicas Propiedad Especificación Ver condiciones de promociones Podrían interesarte Huevos para el Ande La Calera 15un Precio Online S/ 11 . 90 true Huevos Clásicos Blancos La Calera 15un Precio Online S/ 11 . 50 true - 6% Huevos Pardos Orgánicos Vida Orgánica 12un Precio Online S/ 15 . 50 Precio regular S/ 16.50 true Huevitos de Codorniz Avicod Bandeja 18 Unid Precio Online S/ 8 . 70 true Huevos la Calera: Huevos Pardos 14un + Huevo Sorpresa Precio Online S/ 18 . 20 true - 6% Huevos Clásicos Pardos La Calera 30un Precio Online S/ 21 . 90 Precio regular S/ 23.30 true Huevos Rosados Avivel 90un Precio Online S/ 42 . 70 true Huevos de Codorniz Metro Paquete 18 Unid Precio Online S/ 8 . 35 true Huevitos de Codorniz Reyal Bandeja 24 Unid Precio Online S/ 10 . 20 true Huevos de Corral Metro 12un Precio Online S/ 13 . 70 true Huevos para el Ande La Calera 15un Precio Online S/ 11 . 90 true Huevos Clásicos Blancos La Calera 15un Precio Online S/ 11 . 50 true - 6% Huevos Pardos Orgánicos Vida Orgánica 12un Precio Online S/ 15 . 50 Precio regular S/ 16.50 true Huevitos de Codorniz Avicod Bandeja 18 Unid Precio Online S/ 8 . 70 true Huevos la Calera: Huevos Pardos 14un + Huevo Sorpresa Precio Online S/ 18 . 20 true - 6% Huevos Clásicos Pardos La Calera 30un Precio Online S/ 21 . 90 Precio regular S/ 23.30 true Huevos Rosados Avivel 90un Precio Online S/ 42 . 70 true Huevos de Codorniz Metro Paquete 18 Unid Precio On",,1650,,,,unknown,
¡Lo mejor te está esperando!,"¡Lo mejor te está esperando! Descarga la app Departamentos Inicia sesión Ofertas de la semana Listas Alsuper Club Alsuper Alsuper card Estás en Alsuper Plus Leones 90 min Inicio > Despensa > Granos > Arroz Super Extra Mybrand 906 G Detalles: ¡Disfruta del delicioso sabor y la calidad premium del Arroz Super Extra MyBrand en tu mesa! Con un peso de 906 gramos, este arroz es perfecto para tus comidas diarias y recetas especiales. Su grano largo, textura firme y exc ... Ver más Arroz Super Extra Mybrand 906 g $23.90 $24.90 Agregar al carrito Favoritos Agregar a una lista Recomendados $36.90 $39.90 Arroz Super Extra Verde Valle 900 ... 900 GR Agregar $23.90 $24.90 Arroz Super Extra Mybrand 906 G 906 GR Agregar $74.90 $79.90 Arroz Super Extra Verde Valle 2 Kg 2 KG Agregar $34.90 Arroz Super Extra Grueso Sos 907 G 907 GR Agregar $34.90 Arroz Super Extra Precocido Sos 907... 907 GR Agregar $37.90 Arroz Super Extra Diamante 750 G 750 GR Agregar $23.90 $25.90 Arroz Cazerola 907 G 907 GR Agregar $29.90 Arroz Grano Largo Gran Cosecha 900 ... 900 GR Agregar $64.90 Arroz Jazmin Verde Valle 750 G 750 GR Agregar $92.90 Arroz Blanco Orgánico Aires De Cam... 1 KG Agregar -25% $69.90 $92.90 Arroz Organico Integral Aires De Ca... 1 KG Agregar $15.90 $18.90 Grano De Elote Dorado Clemente Jaq... 410 GR Agregar -21% $18.90 $23.90 Atun En Agua Tuny 130 G 130 GR Agregar $11.90 $13.90 Grano De Elote Dorado Clemente Jaq... 220 GR Agregar -29% $17.90 $24.90 Arroz Extra Mimarca 906 G 906 GR Agregar $64.90 Cerveza Six Pack Lata Light Budligh... 330 ML Agregar $19.90 $22.90 Cacahuates Japones Karate 127 G 127 GR Agregar 5 x $50 $11.90 $13.90 Alimento Humedo P/perro Todas Las Ra... 100 GR Agregar $41.90 $47.90 Atun Jumbo En Agua Tuny 295 G 295 GR Agregar $11.90 Arroz Con Leche Lala 125 G 125 GR Agregar $48.90 Arroz Impegable Verde Valle 750 G 750 GR Agregar $29.90 $32.90 Galletas De Arroz Integrales Okko ... 140 GR Agregar $29.90 $32.90 Galletas De Arroz Con Quinoa Okko ... 140 GR Agregar -21% $1",,2390,,,,unknown,
¿Que buscas hoy?,"¿Que buscas hoy? ¿Cómo quieres recibir tu pedido? Elegir Desayuno Azúcar y Edulcorantes Azúcar Rubia Azúcar Rubia Metro 5kg Descripción <h2>Azúcar Rubia Metro 5kg: el sabor natural y la calidad que tu cocina merece</h2> <p>Descubre la calidad superior del <strong>Azúcar Rubia Metro 5kg</strong>, un producto esencial para tu hogar o negocio. Proveniente de caña de azúcar cuidadosamente seleccionada, nuestra <a href=""https://www.metro.pe/desayuno/azucar-y-edulcorantes/azucar-rubia"">azúcar rubia</a> conserva sus nutrientes y un sabor más auténtico y caramelizado, ideal para endulzar tus bebidas, postres y recetas favoritas.</p> <p>Si buscas el mejor <strong>precio de azúcar rubia</strong> o deseas comparar precios en el mercado, esta presentación representa una excelente relación calidad-cantidad. No busques más: el azúcar rubia de 5 kilos que necesitas está disponible al mejor precio en <strong>Metro.pe</strong>.</p> <h2>Dulzor natural y versatilidad para tus creaciones culinarias</h2> <p>El <strong>Azúcar Rubia Metro 5kg</strong> no solo endulza, sino que también aporta un toque distintivo a tus preparaciones. Su proceso de refinamiento mínimo mantiene una mayor cantidad de melaza, enriqueciendo el sabor y el color de tus postres, cafés o jugos.</p> <p>Es la elección perfecta para quienes buscan una alternativa más natural y con carácter. Al elegir nuestro <strong>azúcar rubia 5 kg</strong>, te aseguras de contar siempre con un ingrediente de alta calidad para todas tus necesidades culinarias.</p> <h2>¡No te quedes sin tu Azúcar Rubia Metro 5kg!</h2> <p>Aprovecha la comodidad y el excelente <strong>precio de azúcar rubia</strong> que <strong>Metro</strong> tiene para ti. Adquiere tu <strong>Azúcar Rubia Metro 5kg</strong> hoy mismo y transforma tus recetas con un toque de dulzura natural.</p> <p>Consulta el precio y realiza tu compra con total seguridad y despacho a domicilio en <strong>Metro.pe</strong>.</p> <h2>Preguntas frecuentes sobre Azúcar Rubia Metro de 5kg</",,1890,,,,unknown,
¿Cómo quieres recibir tu pedido?,"¿Cómo quieres recibir tu pedido? Elegir Desayuno Azúcar y Edulcorantes Azúcar Rubia Azúcar Rubia Máxima Bolsa 5 kg Configuraciones ProductData {""allow_notes"":true,""allow_substitute"":true,""cart_limit"":""0"",""brandName"":""Maxima"",""brandEcomId"":""2000893"",""measurement_unit"":""un"",""unit_multiplier"":1,""measurement_unit_un"":""UN"",""unit_multiplier_un"":0,""measurement_unit_selector"":false} SkuData {""37360"":{""ref_id"":""714287"",""cart_limit"":12,""allow_notes"":true,""allow_substitute"":true,""measurement_unit"":""un"",""unit_multiplier"":1,""promotions"":[""1130527"",""3123822""],""url_canonical"":"""",""measurement_unit_un"":""UN"",""unit_multiplier_un"":0,""measurement_unit_selector"":false,""release_data"":{""date_release"":""02-07-2024 00:00"",""date_release_end"":""01-08-2024 00:00"",""is_new"":false}}} Observaciones y Recomendaciones Origen Nacional Azúcar Rubia Máxima Bolsa 5 kg Cargando comentarios... Referencia : 714287 S/ 17 . 90 Cantidad ＋ － Agregar Certificados Ver todos Cookies ? ! i Política general sobre Cookies × En Metro.pe nos preocupamos por mejorar tu experiencia de compra, sin descuidar la protección de tus datos personales. En consecuencia Metro.pe, usa dos tipos de cookies las Funcionales y las de Analítica y Optimización ¿consiente el uso de las cookies? Sí Acepto Configuración de Cookies Política de Cookies",,,,,,unknown,
¿Que buscas hoy?,"¿Que buscas hoy? ¿Cómo quieres recibir tu pedido? Elegir Desayuno Azúcar y Edulcorantes Azúcar Rubia Azúcar Rubia Paramonga Bolsa 5 kg Configuraciones ProductData ProductData SkuData {""23673"":{""ref_id"":""566556"",""cart_limit"":6,""allow_notes"":true,""allow_substitute"":true,""measurement_unit"":""un"",""unit_multiplier"":1,""promotions"":[""1492474"",""1942972"",""3484742"",""4133995""],""url_canonical"":"""",""measurement_unit_un"":""UN"",""measurement_unit_selector"":false,""release_data"":{""is_new"":false}}} Características Destacadas Tipo de Producto Azúcar Rubia Observaciones y Recomendaciones Origen Nacional Azúcar Rubia Paramonga Bolsa 5 kg Paramonga Referencia : 566556 S/ 22 . 75 Cantidad ＋ － Agregar Certificados Ver todos Descripción Información Nutricional Especificaciones Comentarios Especificaciones técnicas Propiedad Especificación Ver condiciones de promociones Podrían interesarte Azúcar de Coco Cuisine & Co 450g [TCENCO] Oct25 - Abarrotes Comestible Con 10% Dscto Con TC Metro del 01al31 Octubre Precio Online S/ 26 . 70 true Panela Granulada Chuncho Superfoods 500g [TCENCO] Oct25 - Abarrotes Comestible Con 10% Dscto Con TC Metro del 01al31 Octubre Precio Online S/ 8 . 00 true Azúcar Rubia Cuisine & Co 5kg [TCENCO] Oct25 - Abarrotes Comestible Con 10% Dscto Con TC Metro del 01al31 Octubre Precio Online S/ 20 . 50 true Panela Paramonga 500g [TCENCO] Oct25 - Abarrotes Comestible Con 10% Dscto Con TC Metro del 01al31 Octubre Precio Online S/ 7 . 99 true Panela Orgánica Panela de Piura Caja 400 g [TCENCO] Oct25 - Abarrotes Comestible Con 10% Dscto Con TC Metro del 01al31 Octubre Precio Online S/ 10 . 80 true - 16% Azúcar Rubia Metro 5kg [TCENCO] Oct25 - Abarrotes Comestible Con 10% Dscto Con TC Metro del 01al31 Octubre Precio Online S/ 15 . 90 Precio regular S/ 18.90 true Azúcar Rubia Metro 1kg [TCENCO] Oct25 - Abarrotes Comestible Con 10% Dscto Con TC Metro del 01al31 Octubre Precio Online S/ 4 . 00 true Azúcar Rubia Dulfina Bolsa 5 kg [TCENCO] Oct25 - Abarrotes Comestible Con 10% Dscto Con",,1890,,,,unknown,
¿Que buscas hoy?,"¿Que buscas hoy? ¿Cómo quieres recibir tu pedido? Elegir Desayuno Azúcar y Edulcorantes Azúcar Rubia Azúcar Rubia Dulfina Bolsa 5 kg Configuraciones ProductData {""allow_notes"":true,""allow_substitute"":true,""cart_limit"":""0"",""brandName"":""Dulfina"",""brandEcomId"":""273"",""measurement_unit"":""un"",""unit_multiplier"":1,""measurement_unit_un"":""UN"",""measurement_unit_selector"":false} SkuData {""39135619"":{""ref_id"":""465118"",""cart_limit"":12,""allow_notes"":true,""allow_substitute"":true,""measurement_unit"":""un"",""unit_multiplier"":1,""promotions"":[""1130525"",""3676802""],""url_canonical"":"""",""measurement_unit_un"":""UN"",""measurement_unit_selector"":false,""release_data"":{""is_new"":false}}} Observaciones y Recomendaciones Origen Nacional Azúcar Rubia Dulfina Bolsa 5 kg Cargando comentarios... Referencia : 465118 S/ 22 . 00 Cantidad ＋ － Agregar Certificados Ver todos Cookies ? ! i Política general sobre Cookies × En Metro.pe nos preocupamos por mejorar tu experiencia de compra, sin descuidar la protección de tus datos personales. En consecuencia Metro.pe, usa dos tipos de cookies las Funcionales y las de Analítica y Optimización ¿consiente el uso de las cookies? Sí Acepto Configuración de Cookies Política de Cookies",,,,,,unknown,
¿Que buscas hoy?,"¿Que buscas hoy? ¿Cómo quieres recibir tu pedido? Elegir Cookies ? ! i Política general sobre Cookies × En Metro.pe nos preocupamos por mejorar tu experiencia de compra, sin descuidar la protección de tus datos personales. En consecuencia Metro.pe, usa dos tipos de cookies las Funcionales y las de Analítica y Optimización ¿consiente el uso de las cookies? Sí Acepto Configuración de Cookies Política de Cookies Recuerda escribir al menos 3 letras en el cuadro de búsqueda Términos más buscados 1. busca 2. leche 3. hot wheels 4. arroz 5. pollo Marcas sugeridas",,,,,,unknown,
¿Que buscas hoy?,"¿Que buscas hoy? ¿Cómo quieres recibir tu pedido? Elegir Desayuno Panes y Tortillas Empacadas Panes Embolsados Pan de Molde Blanco Bimbo XL 770g Configuraciones ProductData ProductData SkuData SkuData Características Destacadas Tipo de Producto Pan Blanco Observaciones y Recomendaciones Origen Nacional Pan de Molde Blanco Bimbo XL 770g Bimbo Referencia : 1033017 - 1% Tarjeta Cencosud S/ 11 . 16 S/ 12 . 40 S/ 12 . 50 Cantidad ＋ － Agregar Certificados Ver todos Características Principales Contiene 770 gramos Con rebanadas mÿs grandes Con una textura mÿs suave y esponjosa Con fuente de vitamina D y prote­na Descripción Información Nutricional Especificaciones Comentarios Especificaciones técnicas Propiedad Especificación Ingredientes Ingredientes Harina de trigo, Hierro, Tiamina, Riboflavina, Niacina, ácido fólico, Levadura, Azúcar, Gluten de trigo, Grasa vegetal, Sal, Sustancia conservadora sin 282, Sustancia conservadora sin 200, Sustancia conservadora sin 202, Emulsionante sin 471, Emulsionante sin 472e, Regulador de acidez sin 270, Vitamina d, Agente de tratamiento de las harinas sin 300, Fibra de trigo, Gluten, Soya Puede contener Ingredientes Trazas de Leche, Derivados de leche Ver condiciones de promociones Podrían interesarte Pan de Molde Integral Unión Mediano Bolsa 360 g [TCENCO] Oct25 - Abarrotes Comestible Con 10% Dscto Con TC Metro del 01al31 Octubre Tarjeta Cencosud S/ 8 . 55 Precio Online S/ 9 . 50 true - 16% Pan de Molde Integral Sin Bordes Bimbo Bolsa 650 g [TCENCO] Oct25 - Abarrotes Comestible Con 10% Dscto Con TC Metro del 01al31 Octubre Tarjeta Cencosud S/ 12 . 42 Precio Online S/ 13 . 80 Precio regular S/ 16.50 true Pan Brioche Bimbo Artesano 4un [TCENCO] Oct25 - Abarrotes Comestible Con 10% Dscto Con TC Metro del 01al31 Octubre Tarjeta Cencosud S/ 9 . 81 Precio Online S/ 10 . 90 true Pan de Molde Bimbo Súper Sandwich 800g [TCENCO] Oct25 - Abarrotes Comestible Con 10% Dscto Con TC Metro del 01al31 Octubre Tarjeta Cencosud S/ 13 . 95 Precio Online S",,1650,,,,unknown,
¿Que buscas hoy?,"¿Que buscas hoy? ¿Cómo quieres recibir tu pedido? Elegir Desayuno Panes y Tortillas Empacadas Panes Embolsados Pan de Molde de Semillas Bimbo Vital Bolsa 600 g Configuraciones ProductData {""allow_notes"":false,""allow_substitute"":true,""cart_limit"":""0"",""brandName"":""Bimbo"",""brandEcomId"":""76"",""measurement_unit"":""un"",""unit_multiplier"":1,""measurement_unit_un"":""UN"",""measurement_unit_selector"":false} SkuData {""11711"":{""ref_id"":""467490"",""cart_limit"":12,""allow_notes"":true,""allow_substitute"":true,""measurement_unit"":""un"",""unit_multiplier"":1,""promotions"":[""124936"",""266181"",""509694"",""674404"",""958138"",""1507230"",""1832912"",""2410227""],""url_canonical"":"""",""measurement_unit_un"":""UN"",""measurement_unit_selector"":false,""release_data"":{""is_new"":false}}} Características Destacadas Tipo de Producto Pan de Molde Integral Observaciones y Recomendaciones Origen Nacional Pan de Molde de Semillas Bimbo Vital Bolsa 600 g Bimbo Referencia : 467490 - 9% Tarjeta Cencosud S/ 12 . 15 S/ 13 . 50 S/ 14 . 80 Cantidad ＋ － Agregar Certificados Ver todos Características Principales Contiene 600 gramos Pan de molde de semillas Semillas: Linaza / Girasol / Ch¡a Elaborado con ingredientes naturales Sin saborizantes ni conservantes artificiales Empaque biodegradable Descripción Información Nutricional Especificaciones Comentarios Especificaciones técnicas Propiedad Especificación Ingredientes Ingredientes Harina de trigo, Hierro, Tiamina, Riboflavina, Niacina, ácido fólico, Semilla de linaza, Semilla de girasol, Semilla de chía, Levadura, Azúcar, Gluten de trigo, Avena en hojuelas 2%, Harina de trigo fermentada, Fibra de avena, Aceite vegetal, Sal, Regulador de acidez ácido láctico, Harina de cebada malteada y torrefactada, Suero de leche en polvo, Gluten, Leche, Soya Ver condiciones de promociones Podrían interesarte Pan Pita Blanco Bimbo 10un [TCENCO] Oct25 - Abarrotes Comestible Con 10% Dscto Con TC Metro del 01al31 Octubre Tarjeta Cencosud S/ 6 . 93 Precio Online S/ 7 . 70 true SODIO Pan para Hot Dog Cuisine &",,1480,,,,unknown,
¿Que buscas hoy?,"¿Que buscas hoy? ¿Cómo quieres recibir tu pedido? Elegir Desayuno Panes y Tortillas Empacadas Panes Embolsados Pan de Molde Don Mamino Blanco Sin Corteza Bolsa 560 g Configuraciones ProductData {""allow_notes"":false,""allow_substitute"":true,""cart_limit"":""0"",""brandName"":""Don Mamino"",""brandEcomId"":""254"",""measurement_unit"":""un"",""unit_multiplier"":1,""measurement_unit_selector"":false} SkuData {""8714"":{""ref_id"":""286017"",""cart_limit"":12,""allow_notes"":true,""allow_substitute"":true,""measurement_unit"":""un"",""unit_multiplier"":1,""promotions"":[],""url_canonical"":"""",""measurement_unit_selector"":false,""release_data"":{""is_new"":false}}} Características Destacadas Tipo de Producto Pan de Molde Blanco Observaciones y Recomendaciones Origen Nacional Pan de Molde Don Mamino Blanco Sin Corteza Bolsa 560 g Don Mamino Referencia : 286017 Tarjeta Cencosud S/ 12 . 15 S/ 13 . 50 Cantidad ＋ － Agregar Certificados Ver todos Descripción Especificaciones Comentarios Especificaciones técnicas Propiedad Especificación Ver condiciones de promociones Podrían interesarte Pan Brioche Bimbo Artesano 4un [TCENCO] Oct25 - Abarrotes Comestible Con 10% Dscto Con TC Metro del 01al31 Octubre Tarjeta Cencosud S/ 9 . 81 Precio Online S/ 10 . 90 true SODIO Pan para Hot Dog Cuisine & Co 8un [TCENCO] Oct25 - Abarrotes Comestible Con 10% Dscto Con TC Metro del 01al31 Octubre Tarjeta Cencosud S/ 7 . 29 Precio Online S/ 8 . 10 true Pan Fibra Unión Bolsa 540 g [TCENCO] Oct25 - Abarrotes Comestible Con 10% Dscto Con TC Metro del 01al31 Octubre Tarjeta Cencosud S/ 11 . 88 Precio Online S/ 13 . 20 true SODIO Pan para Hamburguesa Brioche Don Mamino 600g [TCENCO] Oct25 - Abarrotes Comestible Con 10% Dscto Con TC Metro del 01al31 Octubre Tarjeta Cencosud S/ 11 . 61 Precio Online S/ 12 . 90 true SODIO Pan de Molde Integral Cuisine & Co 500g [TCENCO] Oct25 - Abarrotes Comestible Con 10% Dscto Con TC Metro del 01al31 Octubre Tarjeta Cencosud S/ 7 . 11 Precio Online S/ 7 . 90 true Pan de Molde Tipo Artesanal Bimbo Artesano Original 56",,1090,,,,unknown,
¿Que buscas hoy?,"¿Que buscas hoy? ¿Cómo quieres recibir tu pedido? Elegir Desayuno Panes y Tortillas Empacadas Panes Embolsados Pan de Molde Unión Multisemillas con Avena 540g Configuraciones ProductData ProductData SkuData {""13029"":{""ref_id"":""521882"",""cart_limit"":12,""allow_notes"":true,""allow_substitute"":true,""measurement_unit"":""un"",""unit_multiplier"":1,""promotions"":[],""url_canonical"":"""",""measurement_unit_un"":""UN"",""measurement_unit_selector"":false,""release_data"":{""is_new"":false}}} Características Destacadas Tipo de Producto Pan de Molde Integral Observaciones y Recomendaciones Origen Nacional Pan de Molde Unión Multisemillas con Avena 540g Unión Referencia : 521882 Tarjeta Cencosud S/ 11 . 61 S/ 12 . 90 Cantidad ＋ － Agregar Certificados Ver todos Características Principales Contiene 540 gramos Pan de molde Con avena, miel de abeja y semillas de girasol, linaza y ch¡a Alto en hierro Fuente de prote¡nas y fibra Descripción Información Nutricional Especificaciones Comentarios Especificaciones técnicas Propiedad Especificación Ingredientes Ingredientes Harina de trigo fortificada, Hierro, Niacina, Tiamina, Riboflavina, ácido fólico, Hojuelas de avena 6%, Miel de abeja 5%, Aceite, Semillas de girasol 4%, Semillas de linaza 4%, Azúcar rubia, Levadura fresca saccharomyces cerevisiae, Aceite vegetal, Semillas de chía 3%, Fibra de avena, Cloruro de sodio, Acentuador de sabor cloruro de potasio sin 508, Regulador de la acidez citrato tripotásico sin 332 ii, Regulador de la acidez gluconato de potasio sin 577, Gluten de trigo, Leche en polvo, Harina de trigo fortificada, Hierro, Niacina, Tiamina, Riboflavina, ácido fólico, Emulsionante sin 471, Emulsionante sin 481i, Gluten de trigo, Agente de tratamiento de harina sin 300, Alfa amilasa de aspergillus oryzae var (sin 1100 i), Sal, Sustancia conservadora sin 282, Saborizante panela natural, Fumarato ferroso, Cianocobalamina, ácido fólico, Riboflavina, Palmitato de vitamina a, Esencia de canela, Glucosa oxidasa, Gluten, Leche Ver condiciones de p",,1090,,,,unknown,
¿Que buscas hoy?,"¿Que buscas hoy? ¿Cómo quieres recibir tu pedido? Elegir Cookies ? ! i Política general sobre Cookies × En Metro.pe nos preocupamos por mejorar tu experiencia de compra, sin descuidar la protección de tus datos personales. En consecuencia Metro.pe, usa dos tipos de cookies las Funcionales y las de Analítica y Optimización ¿consiente el uso de las cookies? Sí Acepto Configuración de Cookies Política de Cookies Recuerda escribir al menos 3 letras en el cuadro de búsqueda Términos más buscados 1. busca 2. leche 3. hot wheels 4. arroz 5. pollo Marcas sugeridas",,,,,,unknown,
¡Lo mejor te está esperando!,"¡Lo mejor te está esperando! Descarga la app Departamentos Inicia sesión Ofertas de la semana Listas Alsuper Club Alsuper Alsuper card Estás en Alsuper Plus Leones 90 min Inicio > Despensa > Granos > Arroz Blanco Instantaneo Knorr 155 G Detalles: Con Arroz Blanco Knorr® tendrás una opción deliciosa, fácil y rápida de preparar para todas tus comidas. Dale un giro a tus platillos de todos los días en tan sólo 10 minutos, ideal para preparar una guarnición fácil y rápida ... Ver más Arroz blanco Instantaneo Knorr 155 g $39.90 Agregar al carrito Favoritos Agregar a una lista Recomendados $44.90 Arroz Instantaneo A La Poblana Knor... 155 GR Agregar $39.90 Arroz Blanco Instantaneo Knorr 155 ... 155 GR Agregar $44.90 Arroz A La Mexicana Instantaneo Kno... 155 GR Agregar 2 x $80 $49.90 Arroz A La Española Instantaneo Kno... 155 GR Agregar 2 x $80 $49.90 Arroz Estilo Risotto Con Champiñones... 150 GR Agregar $15.90 $18.90 Grano De Elote Dorado Clemente Jaq... 410 GR Agregar $36.90 $39.90 Arroz Super Extra Verde Valle 900 ... 900 GR Agregar -21% $18.90 $23.90 Atun En Agua Tuny 130 G 130 GR Agregar $11.90 $13.90 Grano De Elote Dorado Clemente Jaq... 220 GR Agregar -29% $17.90 $24.90 Arroz Extra Mimarca 906 G 906 GR Agregar $64.90 Cerveza Six Pack Lata Light Budligh... 330 ML Agregar $19.90 $22.90 Cacahuates Japones Karate 127 G 127 GR Agregar $23.90 $25.90 Arroz Cazerola 907 G 907 GR Agregar 5 x $50 $11.90 $13.90 Alimento Humedo P/perro Todas Las Ra... 100 GR Agregar $41.90 $47.90 Atun Jumbo En Agua Tuny 295 G 295 GR Agregar $11.90 Arroz Con Leche Lala 125 G 125 GR Agregar $48.90 Arroz Impegable Verde Valle 750 G 750 GR Agregar $29.90 $32.90 Galletas De Arroz Integrales Okko ... 140 GR Agregar $29.90 $32.90 Galletas De Arroz Con Quinoa Okko ... 140 GR Agregar -21% $18.90 $23.90 Atun En Aceite Tuny 130 G 130 GR Agregar $16.90 $18.90 Ensalada Campesina La Costeña 410 ... 410 GR Agregar $31.90 $34.90 Salsa De Soya Maggi 290 Ml 290 ML Agregar 2 x $110 $84.90 $96.90 Cereal Choco Kr",,3990,,,,unknown,
¿Que buscas hoy?,"¿Que buscas hoy? ¿Cómo quieres recibir tu pedido? Elegir spaguetti Resultado de búsqueda: 7 productos Ordenar por Relevancia Relevancia Más vendido Más nuevo Mejor descuento Mayor precio Menor precio A-Z Z-A spaguetti Filtros Departamento Abarrotes (7) Categoría Fideos, Pastas y Salsas (7) Sub-Categoría Fideos Largos (5) Fideos al Huevo y Especiales (2) Marca Tipo de Producto Rangos de precio S/ 2.00 – S/ 21.00 Has visto todos los 7 productos Cookies ? ! i Política general sobre Cookies × En Metro.pe nos preocupamos por mejorar tu experiencia de compra, sin descuidar la protección de tus datos personales. En consecuencia Metro.pe, usa dos tipos de cookies las Funcionales y las de Analítica y Optimización ¿consiente el uso de las cookies? Sí Acepto Configuración de Cookies Política de Cookies Recuerda escribir al menos 3 letras en el cuadro de búsqueda Sin Sugerencias Marcas sugeridas",,200,,,,unknown,
¿Que buscas hoy?,"¿Que buscas hoy? ¿Cómo quieres recibir tu pedido? Elegir Abarrotes Fideos, Pastas y Salsas Fideos Largos Spaguetti Nro 5 Cuisine & Co 500g Configuraciones ProductData ProductData SkuData {""27266"":{""ref_id"":""569514"",""cart_limit"":24,""allow_notes"":true,""allow_substitute"":true,""measurement_unit"":""un"",""unit_multiplier"":1,""promotions"":[""324197"",""628088""],""url_canonical"":"""",""measurement_unit_un"":""UN"",""measurement_unit_selector"":false,""release_data"":{""is_new"":false}}} Observaciones y Recomendaciones Origen Importado Spaguetti Nro 5 Cuisine & Co 500g Cuisine & Co Referencia : 569514 - 19% Tarjeta Cencosud S/ 2 . 61 S/ 2 . 90 S/ 3 . 60 Cantidad ＋ － Agregar Certificados Ver todos Características Principales Contiene 500 gramos Pasta de trigo duro Variedad: Spaghetti Nr5 Tiempo de cocci¢n: 10 a 12 minutos Descripción Información Nutricional Especificaciones Comentarios Especificaciones técnicas Propiedad Especificación Ingredientes Ingredientes Sémola de trigo duro fortificada, Niacina, Hierro, Tiamina, Riboflavina, ácido fólico, Agua, Derivados de trigo (gluten) Ver condiciones de promociones Podrían interesarte - 13% Linguini Grosso Don Vittorio 950g [TCENCO] Oct25 - Abarrotes Comestible Con 10% Dscto Con TC Metro del 01al31 Octubre Tarjeta Cencosud S/ 4 . 77 Precio Online S/ 5 . 30 Precio regular S/ 6.10 true - 23% Spaghetti Nro 32 Molitalia 450g [TCENCO] Oct25 - Abarrotes Comestible Con 10% Dscto Con TC Metro del 01al31 Octubre Tarjeta Cencosud S/ 2 . 70 Precio Online S/ 3 . 00 Precio regular S/ 3.90 true - 13% Fideo Linguini Grosso Don Vittorio 500g [TCENCO] Oct25 - Abarrotes Comestible Con 10% Dscto Con TC Metro del 01al31 Octubre Tarjeta Cencosud S/ 2 . 97 Precio Online S/ 3 . 30 Precio regular S/ 3.80 true Linguine Molitalia 950g [TCENCO] Oct25 - Abarrotes Comestible Con 10% Dscto Con TC Metro del 01al31 Octubre Tarjeta Cencosud S/ 5 . 85 Precio Online S/ 6 . 50 true - 24% Twopack Fideos Linguine Molitalia 450g [TCENCO] Oct25 - Abarrotes Comestible Con 10% Dscto Con TC ",,610,,,,unknown,
¿Que buscas hoy?,"¿Que buscas hoy? ¿Cómo quieres recibir tu pedido? Elegir Abarrotes Fideos, Pastas y Salsas Fideos Largos Spaguetti Quadratto La Molisana Paquete 500 g Configuraciones ProductData ProductData SkuData {""40175"":{""ref_id"":""712497"",""cart_limit"":12,""allow_notes"":true,""allow_substitute"":true,""measurement_unit"":""un"",""unit_multiplier"":1,""promotions"":[],""url_canonical"":"""",""measurement_unit_un"":""UN"",""measurement_unit_selector"":false,""release_data"":{""is_new"":false}}} Características Destacadas Tipo de Producto Spaghettis Observaciones y Recomendaciones Origen Importado Spaguetti Quadratto La Molisana Paquete 500 g La Molisana Referencia : 712497 Tarjeta Cencosud S/ 8 . 01 S/ 8 . 90 Cantidad ＋ － Agregar Certificados Ver todos Descripción Información Nutricional Especificaciones Comentarios Especificaciones técnicas Propiedad Especificación Ingredientes Ingredientes Sémola de trigo duro, Agua, Trigo Puede contener Ingredientes Trazas de Derivados de soya, Huevo Ver condiciones de promociones Podrían interesarte Fideos Cuisine &Co Linguini 950g [TCENCO] Oct25 - Abarrotes Comestible Con 10% Dscto Con TC Metro del 01al31 Octubre Tarjeta Cencosud S/ 4 . 86 Precio Online S/ 5 . 40 true - 9% Twopack Fideo Fettuccini Don Vittorio 500g [TCENCO] Oct25 - Abarrotes Comestible Con 10% Dscto Con TC Metro del 01al31 Octubre Tarjeta Cencosud S/ 6 . 21 Precio Online S/ 6 . 90 Precio regular S/ 7.60 true Fettucine La Molisana Paquete 500 g [TCENCO] Oct25 - Abarrotes Comestible Con 10% Dscto Con TC Metro del 01al31 Octubre Tarjeta Cencosud S/ 8 . 01 Precio Online S/ 8 . 90 true - 9% Twopack Fideo Linguini Grosso Don Vittorio 500g [TCENCO] Oct25 - Abarrotes Comestible Con 10% Dscto Con TC Metro del 01al31 Octubre Tarjeta Cencosud S/ 6 . 21 Precio Online S/ 6 . 90 Precio regular S/ 7.60 true - 19% Linguine Nro 77 Cuisine & Co Bolsa 500 gr [TCENCO] Oct25 - Abarrotes Comestible Con 10% Dscto Con TC Metro del 01al31 Octubre Tarjeta Cencosud S/ 2 . 61 Precio Online S/ 2 . 90 Precio regular S/ 3.60 true ",,760,,,,unknown,
¿Que buscas hoy?,"¿Que buscas hoy? ¿Cómo quieres recibir tu pedido? Elegir Abarrotes Fideos, Pastas y Salsas Fideos al Huevo y Especiales Spaguetti Barilla Integral Caja 500 g Configuraciones ProductData {""allow_notes"":false,""allow_substitute"":true,""cart_limit"":""0"",""brandName"":""Barilla"",""brandEcomId"":""65"",""measurement_unit"":""un"",""unit_multiplier"":1,""measurement_unit_un"":""UN"",""measurement_unit_selector"":false} SkuData {""14546"":{""ref_id"":""457513"",""cart_limit"":12,""allow_notes"":true,""allow_substitute"":true,""measurement_unit"":""un"",""unit_multiplier"":1,""promotions"":[],""url_canonical"":"""",""measurement_unit_un"":""UN"",""measurement_unit_selector"":false,""release_data"":{""is_new"":false}}} Observaciones y Recomendaciones Origen Nacional Spaguetti Barilla Integral Caja 500 g Barilla Referencia : 457513 Tarjeta Cencosud S/ 15 . 21 S/ 16 . 90 Cantidad ＋ － Agregar Certificados Ver todos Descripción Especificaciones Comentarios Especificaciones técnicas Propiedad Especificación Ver condiciones de promociones Podrían interesarte Fideos de Arroz Fansi Vermicelli 250g [TCENCO] Oct25 - Abarrotes Comestible Con 10% Dscto Con TC Metro del 01al31 Octubre Tarjeta Cencosud S/ 8 . 73 Precio Online S/ 9 . 70 true Pasta Mostacholi Sin Gluten Molinos del Mundo Bolsa 400 g [TCENCO] Oct25 - Abarrotes Comestible Con 10% Dscto Con TC Metro del 01al31 Octubre Tarjeta Cencosud S/ 18 . 45 Precio Online S/ 20 . 50 true Fusilli Integal Misura Bolsa 500g [TCENCO] Oct25 - Abarrotes Comestible Con 10% Dscto Con TC Metro del 01al31 Octubre Tarjeta Cencosud S/ 17 . 01 Precio Online S/ 18 . 90 true Fideo Frito al Huevo Choung Lee 250g [TCENCO] Oct25 - Abarrotes Comestible Con 10% Dscto Con TC Metro del 01al31 Octubre Tarjeta Cencosud S/ 9 . 90 Precio Online S/ 11 . 00 true Pasta Tricolor El Dorado Macarrones 250g [TCENCO] Oct25 - Abarrotes Comestible Con 10% Dscto Con TC Metro del 01al31 Octubre Tarjeta Cencosud S/ 24 . 21 Precio Online S/ 26 . 90 true Pastina Multicereal Tornillo Grano de Oro 225g [TCENCO] Oct25 - Abarrotes Comesti",,,,,,unknown,
¿Que buscas hoy?,"¿Que buscas hoy? ¿Cómo quieres recibir tu pedido? Elegir Abarrotes Fideos, Pastas y Salsas Fideos Largos Fideo Spaghetti Nicolini 1kg Configuraciones ProductData {""allow_notes"":false,""allow_substitute"":true,""cart_limit"":""6"",""brandName"":""Nicolini"",""brandEcomId"":""637"",""measurement_unit"":""un"",""unit_multiplier"":1,""measurement_unit_selector"":false} SkuData {""39238486"":{""ref_id"":""962247"",""cart_limit"":6,""allow_notes"":true,""allow_substitute"":true,""measurement_unit"":""un"",""unit_multiplier"":1,""promotions"":[""1832909"",""2521162""],""url_canonical"":"""",""measurement_unit_selector"":false,""release_data"":{""is_new"":false}}} Características Destacadas Tipo de Producto Fideos Largos Observaciones y Recomendaciones Origen Nacional Fideo Spaghetti Nicolini 1kg Nicolini Referencia : 962247 - 10% Tarjeta Cencosud S/ 3 . 96 S/ 4 . 40 S/ 4 . 90 Cantidad ＋ － Agregar Certificados Ver todos Características Principales Contiene 1 kilo Pasta de trigo duro Tipo: Spaguetti Tiempo estimado de cocci¢n: 10 minutos Sin colorantes artificiales Descripción Información Nutricional Especificaciones Comentarios Especificaciones técnicas Propiedad Especificación Ingredientes Ingredientes Harina de trigo fortificada, Hierro, Niacina, Tiamina, Riboflavina, ácido fólico, Sémola de trigo fortificada, Hierro, Niacina, Tiamina, Riboflavina, ácido fólico, Colorante betacarotenos vegetales, Gluten Puede contener Ingredientes Trazas de Huevo Ver condiciones de promociones Cookies ? ! i Política general sobre Cookies × En Metro.pe nos preocupamos por mejorar tu experiencia de compra, sin descuidar la protección de tus datos personales. En consecuencia Metro.pe, usa dos tipos de cookies las Funcionales y las de Analítica y Optimización ¿consiente el uso de las cookies? Sí Acepto Configuración de Cookies Política de Cookies Recuerda escribir al menos 3 letras en el cuadro de búsqueda Términos más buscados 1. busca 2. leche 3. hot wheels 4. arroz 5. pollo Marcas sugeridas",,,,,,unknown,
¿Que buscas hoy?,"¿Que buscas hoy? ¿Cómo quieres recibir tu pedido? Elegir Abarrotes Alimentos en Conserva Pescado en Conserva Lomos de Atún en Aceite Campomar Lata 150g Descripción <div class=""wong-wrapper wong-descripcion"" id=""wong_ver_mas""><div class=""wong-desc""><div class=""wong-img""> <img src=""https://wongfood.vteximg.com.br/arquivos/campomar-logo-wong.jpg""></div><h3>Del mar a tu mesa</h3><p>La marca peruana <b>Campomar</b> forma parte del sello <b>Hayduk Corporación</b> que se dedica a la <b>producción de conservas de pescado</b>, como atún, jurel, anchoveta y caballa. Todos estos <b>insumos</b> se pescan en la <b>flota propia</b> de la empresa y luego se derivan a la planta donde pasarán diversos <b>procesos</b>, los cuales cuentan con <b>certificación de calidad</b>. Posee una amplia <b>línea de productos</b>, donde encontrarás uno ideal a tu gusto.</p></div><div class=""wong-desc""><div class=""wong-left""> <img src=""https://wongfood.vteximg.com.br/arquivos/campomar- filete-atun-lomos-conserva-wong.jpg""></div><div class=""wong-right""><h5>Ingredientes ideales</h5><p>La conserva de <b>lomos de atún</b> contiene una mezcla perfecta de <b>atún</b>, <b>aceite vegetal</b>, <b>agua</b> y <b>sal</b>. Es un <b>producto de calidad</b> que contribuye con la <b>nutrición</b> debido a los diversos aportes que su consumo genera. Es un <b>producto totalmente peruano</b>, desde la pesca hasta la etapa final de distribución.</p></div></div><div class=""wong-desc""><div class=""wong-left""><h5>Altamente nutritivo</h5><p>Dentro de los <b>beneficios</b> que ofrece a nuestro <b>organismo</b> el consumo de la <b>carne de pescado</b> está el <b>fortalecimiento del sistema inmunológico</b>, debido a la gran cantidad de <b>Omega 3</b> que contiene. Además, es un tipo de carne <b>enriquecida en minerales</b>. Asimismo, los productos de <b>Campomar</b> cuentan con <b>certificación Dolphin Safe</b> que garantizan la <b>ausencia de redes contra delfines</b> durante la pesca.</p></div><div class=""wong-right""> <img",,460,,,,unknown,
¿Que buscas hoy?,"¿Que buscas hoy? ¿Cómo quieres recibir tu pedido? Elegir Abarrotes Alimentos en Conserva Pescado en Conserva Solido de Atún Florida Lata 140g Configuraciones ProductData ProductData SkuData {""2600"":{""ref_id"":""48329001"",""cart_limit"":12,""allow_notes"":true,""allow_substitute"":true,""measurement_unit"":""un"",""unit_multiplier"":1,""promotions"":[],""url_canonical"":"""",""measurement_unit_un"":""UN"",""measurement_unit_selector"":false,""release_data"":{""is_new"":false}}} Información adicional Octogonos SODIO Características Destacadas Tipo de Producto Pescados en Conservas Observaciones y Recomendaciones Origen Nacional Solido de Atún Florida Lata 140g Florida Referencia : 48329001 S/ 7 . 90 Cantidad ＋ － Agregar Certificados Ver todos Descripción Especificaciones Comentarios Especificaciones técnicas Propiedad Especificación Ver condiciones de promociones Podrían interesarte Filete Anchoas Valle Fértil en Aceite de Oliva VF 100 g [TCENCO] Oct25 - Abarrotes Comestible Con 10% Dscto Con TC Metro del 01al31 Octubre Precio Online S/ 13 . 50 true SODIO Medallones de Caballa Frita en Salsa de Escabeche Santorini 170g [TCENCO] Oct25 - Abarrotes Comestible Con 10% Dscto Con TC Metro del 01al31 Octubre Precio Online S/ 8 . 50 true Mejillones A La Gallega Palacio De Oriente Contenido 111 g [TCENCO] Oct25 - Abarrotes Comestible Con 10% Dscto Con TC Metro del 01al31 Octubre Precio Online S/ 18 . 90 true Twelvepack Filete de Atún Primor 140g Precio Online AGOTADO Twelvepack Filete de Atún en Agua Primor 140g Precio Online AGOTADO Trozos de Atún en Aceite Primor 140g [TCENCO] Oct25 - Abarrotes Comestible Con 10% Dscto Con TC Metro del 01al31 Octubre Precio Online S/ 5 . 90 true - 11% Anchoveta en Aceite Vegetal Santorini 125g [TCENCO] Oct25 - Abarrotes Comestible Con 10% Dscto Con TC Metro del 01al31 Octubre Precio Online S/ 3 . 20 Precio regular S/ 3.60 true - 9% Filete de Caballa en Aceite Vegetal Santorini 170g [TCENCO] Oct25 - Abarrotes Comestible Con 10% Dscto Con TC Metro del 01al31 Octubre Precio",,360,,,,unknown,
¿Que buscas hoy?,"¿Que buscas hoy? ¿Cómo quieres recibir tu pedido? Elegir Abarrotes Alimentos en Conserva Pescado en Conserva Trozos de Atún en Aceite Primor 140g Configuraciones ProductData {""allow_notes"":false,""allow_substitute"":true,""cart_limit"":""0"",""brandName"":""Primor"",""brandEcomId"":""742"",""measurement_unit"":""un"",""unit_multiplier"":1,""measurement_unit_un"":""UN"",""measurement_unit_selector"":false} SkuData {""13258"":{""ref_id"":""560749"",""cart_limit"":24,""allow_notes"":true,""allow_substitute"":true,""measurement_unit"":""un"",""unit_multiplier"":1,""promotions"":[""637"",""1130532"",""1405387"",""1597056"",""1854433"",""3155855"",""3190237"",""3237615"",""3367632"",""3484740"",""3961737"",""3988856"",""3989229""],""url_canonical"":"""",""measurement_unit_un"":""UN"",""measurement_unit_selector"":false,""release_data"":{""is_new"":false}}} Características Destacadas Tipo de Producto Atún Observaciones y Recomendaciones Origen Nacional Trozos de Atún en Aceite Primor 140g Primor Referencia : 560749 Tarjeta Cencosud S/ 5 . 31 S/ 5 . 90 Cantidad ＋ － Agregar Certificados Ver todos Características Principales Contiene 140 gramos Trozos de at£n En aceite vegetal Primor Descripción Información Nutricional Especificaciones Comentarios Especificaciones técnicas Propiedad Especificación Ingredientes Ingredientes Atún, Aceite vegetal soya, Agua, Sal Ver condiciones de promociones Podrían interesarte - 11% Anchoveta en Aceite Vegetal Santorini 125g [TCENCO] Oct25 - Abarrotes Comestible Con 10% Dscto Con TC Metro del 01al31 Octubre Tarjeta Cencosud S/ 2 . 88 Precio Online S/ 3 . 20 Precio regular S/ 3.60 true Trozos de Atún en Aceite Vegetal Cuisine & Co 140g [TCENCO] Oct25 - Abarrotes Comestible Con 10% Dscto Con TC Metro del 01al31 Octubre Tarjeta Cencosud S/ 4 . 32 Precio Online S/ 4 . 80 true SODIO Grated de Atún en Aceite Vegetal Florida 140g [TCENCO] Oct25 - Abarrotes Comestible Con 10% Dscto Con TC Metro del 01al31 Octubre Tarjeta Cencosud S/ 4 . 14 Precio Online S/ 4 . 60 true SODIO Solido de Atún Florida Lata 140g [TCENCO] Oct25 - Abarrotes Co",,360,,,,unknown,
¿Que buscas hoy?,"¿Que buscas hoy? ¿Cómo quieres recibir tu pedido? Elegir Abarrotes Alimentos en Conserva Pescado en Conserva Filete de Atún en Agua y Sal Metro 140g Configuraciones ProductData {""allow_notes"":false,""allow_substitute"":true,""cart_limit"":""0"",""brandName"":""Metro"",""brandEcomId"":""2000891"",""measurement_unit"":""un"",""unit_multiplier"":1,""measurement_unit_un"":""UN"",""unit_multiplier_un"":0,""measurement_unit_selector"":false} SkuData {""39146966"":{""ref_id"":""756790"",""cart_limit"":12,""allow_notes"":true,""allow_substitute"":true,""measurement_unit"":""un"",""unit_multiplier"":1,""promotions"":[],""url_canonical"":"""",""measurement_unit_un"":""UN"",""unit_multiplier_un"":0,""measurement_unit_selector"":false,""release_data"":{""date_release"":""26-03-2025 00:00"",""date_release_end"":""25-04-2025 00:00"",""is_new"":false}}} Características Destacadas Tipo de Producto Atunes Observaciones y Recomendaciones Origen Importado Filete de Atún en Agua y Sal Metro 140g Cargando comentarios... Referencia : 756790 - 12% S/ 4 . 20 S/ 4 . 80 Cantidad ＋ － Agregar Certificados Ver todos Características Principales Contiene 140 gramos Filete de at£n En agua y sal Cookies ? ! i Política general sobre Cookies × En Metro.pe nos preocupamos por mejorar tu experiencia de compra, sin descuidar la protección de tus datos personales. En consecuencia Metro.pe, usa dos tipos de cookies las Funcionales y las de Analítica y Optimización ¿consiente el uso de las cookies? Sí Acepto Configuración de Cookies Política de Cookies",,,,,,unknown,
¿Que buscas hoy?,"¿Que buscas hoy? ¿Cómo quieres recibir tu pedido? Elegir Abarrotes Alimentos en Conserva Pescado en Conserva Trozos de Atún en Aceite Vegetal Cuisine & Co 140g Configuraciones ProductData {""allow_notes"":false,""allow_substitute"":true,""cart_limit"":""0"",""brandName"":""Cuisine & Co"",""brandEcomId"":""9885"",""measurement_unit"":""un"",""unit_multiplier"":1,""measurement_unit_selector"":false} SkuData {""39166055"":{""ref_id"":""789708"",""cart_limit"":24,""allow_notes"":true,""allow_substitute"":true,""measurement_unit"":""un"",""unit_multiplier"":1,""promotions"":[],""url_canonical"":"""",""measurement_unit_selector"":false,""release_data"":{""is_new"":false}}} Características Destacadas Tipo de Producto Atún Observaciones y Recomendaciones Origen Importado Trozos de Atún en Aceite Vegetal Cuisine & Co 140g Cuisine & Co Referencia : 789708 Tarjeta Cencosud S/ 4 . 32 S/ 4 . 80 Cantidad ＋ － Agregar Certificados Ver todos Características Principales Contiene 140 gramos Trozos de at£n En aceite vegetal Descripción Especificaciones Comentarios Especificaciones técnicas Propiedad Especificación Ver condiciones de promociones Podrían interesarte SODIO Solido de Atún Florida Lata 140g [TCENCO] Oct25 - Abarrotes Comestible Con 10% Dscto Con TC Metro del 01al31 Octubre Tarjeta Cencosud S/ 7 . 11 Precio Online S/ 7 . 90 true - 23% Sólido de Atún en Aceite Vegetal Cuisine & Co 140g [TCENCO] Oct25 - Abarrotes Comestible Con 10% Dscto Con TC Metro del 01al31 Octubre Tarjeta Cencosud S/ 4 . 41 Precio Online S/ 4 . 90 Precio regular S/ 6.40 true - 13% SODIO Pack x6 Filete de Atún Florida en Agua [TCENCO] Oct25 - Abarrotes Comestible Con 10% Dscto Con TC Metro del 01al31 Octubre Tarjeta Cencosud S/ 31 . 41 Precio Online S/ 34 . 90 Precio regular S/ 39.90 true Sardinas en Aceite Picantes Lata 120 g [TCENCO] Oct25 - Abarrotes Comestible Con 10% Dscto Con TC Metro del 01al31 Octubre Tarjeta Cencosud S/ 15 . 12 Precio Online S/ 16 . 80 true Twelvepack Filete de Atún Primor 140g Precio Online AGOTADO - 20% Trozos de Atún en Aceite Veg",,640,,,,unknown,
¡Lo mejor te está esperando!,"¡Lo mejor te está esperando! Descarga la app Departamentos Inicia sesión Ofertas de la semana Listas Alsuper Club Alsuper Alsuper card Estás en Alsuper Plus Leones 90 min Inicio > Despensa > Aceites > Aceite Vegetal Mimarca 800 Ml Detalles: El ACEITE VEGETAL MIMARCA de 800 mililitros es un imprescindible en tu despensa. Su alta calidad y versatilidad lo hacen perfecto para cocinar, freír y aderezar tus platillos favoritos. Cuida tu salud y disfruta de una alimen ... Ver más Aceite Vegetal Mimarca 800 ml $29.90 $36.90 Súper Mix 2 x $55 - Ver más Agregar al carrito Favoritos Agregar a una lista Recomendados 2 x $55 $29.90 $36.90 Aceite Vegetal Mimarca 800 Ml 800 ML Agregar $39.90 $44.90 Aceite Vegetal 123 1 Lt 1 LT Agregar 2 x $65 $37.90 Aceite Vegetal Ave 850 Ml 850 ML Agregar $51.90 $55.90 Aceite Vegetal De Canola Capullo 84... 840 ML Agregar $69.90 Aceite Vegetal De Maíz Mazola 765 M... 765 ML Agregar $25.90 $29.90 Aceite Vegetal De Canola Capullo 40... 400 ML Agregar $36.90 $39.90 Aceite Vegetal Kartamus 900 Ml 900 ML Agregar $45.90 $48.90 Aceite Puro De Maiz 123 1 Litro 1 LT Agregar $51.90 Aceite Vegetal Comestible Aerosol A... 170 GR Agregar $59.90 $64.90 Aceite Vegetal De Cártamo Capullo 7... 750 ML Agregar $41.90 $45.90 Aceite Vegetal De Soya Y Canola Sab... 850 ML Agregar -21% $35.90 $44.90 Aceite Vegetal De Soya Capullo 750 ... 750 ML Agregar $84.90 Aceite Vegetal De Ajonjoli Y Soya ... 250 ML Agregar 2 x $80 $46.90 $49.90 Aceite De Soya Nutrioli 850 Ml 850 ML Agregar -29% $36.90 $51.90 Margarina Con Sal Iberia 400 G 400 GR Agregar $29.90 $32.90 Mantequilla Sin Sal La Gloria 90 G 90 GR Agregar $29.90 $32.90 Mantequilla Con Sal La Gloria 90 G 90 GR Agregar $49.90 $54.90 Manteca De Cerdo Morrell 454 G 454 GR Agregar $22.90 $24.90 Aceite De Soya Nutrioli 400 Ml 400 ML Agregar $114.90 $124.90 Mantequilla Sin Sal La Gloria 360 G 360 GR Agregar -24% $12.90 $16.90 Margarina Con Sal Iberia 90 G 90 GR Agregar $45.90 $49.90 Aceite De Soya Antigoteo Nutrioli 7... 700 M",,2990,,,,unknown,
Política general sobre cookies,"Política general sobre cookies Al hacer clic en ""Aceptar"", usted acepta que las cookies se guarden en su dispositivo para mejorar la navegación del sitio, analizar el uso del mismo, y colaborar con nuestros estudios para marketing. También puede configurarlas. Políticas de Cookies Configuración de cookies Aceptar Centro de preferencia de la privacidad Cuando visita cualquier sitio web, el mismo podría obtener o guardar información en su navegador, generalmente mediante el uso de cookies. Esta información puede ser acerca de usted, sus preferencias o su dispositivo, y se usa principalmente para que el sitio funcione según lo esperado. Por lo general, la información no lo identifica directamente, pero puede proporcionarle una experiencia web más personalizada. Ya que respetamos su derecho a la privacidad, usted puede escoger no permitirnos usar ciertas cookies. Haga clic en los encabezados de cada categoría para saber más y cambiar nuestras configuraciones predeterminadas. Sin embargo, el bloqueo de algunos tipos de cookies puede afectar su experiencia en el sitio y los servicios que podemos ofrecer. Ver Política de Cookies Gestionar las preferencias de consentimiento Cookies estrictamente necesarias Activas siempre Estas cookies son necesarias para que el sitio web funcione y no se pueden desactivar en nuestros sistemas. Usualmente están configuradas para responder a acciones hechas por usted para recibir servicios, tales como ajustar sus preferencias de privacidad, iniciar sesión en el sitio, o llenar formularios. Usted puede configurar su navegador para bloquear o alertar la presencia de esas cookies, pero algunas partes del sitio web no funcionarán. Estas cookies no guardan ninguna información personal identificable. Cookies de rendimiento Estas cookies nos permiten contar las visitas y fuentes de circulación para poder medir y mejorar el desempeño de nuestro sitio. Nos ayudan a saber qué páginas son las más o menos populares, y ver cuántas personas visitan el sit",,,,,,unknown,
Política general sobre cookies,"Política general sobre cookies Al hacer clic en ""Aceptar"", usted acepta que las cookies se guarden en su dispositivo para mejorar la navegación del sitio, analizar el uso del mismo, y colaborar con nuestros estudios para marketing. También puede configurarlas. Políticas de Cookies Configuración de cookies Aceptar Centro de preferencia de la privacidad Cuando visita cualquier sitio web, el mismo podría obtener o guardar información en su navegador, generalmente mediante el uso de cookies. Esta información puede ser acerca de usted, sus preferencias o su dispositivo, y se usa principalmente para que el sitio funcione según lo esperado. Por lo general, la información no lo identifica directamente, pero puede proporcionarle una experiencia web más personalizada. Ya que respetamos su derecho a la privacidad, usted puede escoger no permitirnos usar ciertas cookies. Haga clic en los encabezados de cada categoría para saber más y cambiar nuestras configuraciones predeterminadas. Sin embargo, el bloqueo de algunos tipos de cookies puede afectar su experiencia en el sitio y los servicios que podemos ofrecer. Ver Política de Cookies Gestionar las preferencias de consentimiento Cookies estrictamente necesarias Activas siempre Estas cookies son necesarias para que el sitio web funcione y no se pueden desactivar en nuestros sistemas. Usualmente están configuradas para responder a acciones hechas por usted para recibir servicios, tales como ajustar sus preferencias de privacidad, iniciar sesión en el sitio, o llenar formularios. Usted puede configurar su navegador para bloquear o alertar la presencia de esas cookies, pero algunas partes del sitio web no funcionarán. Estas cookies no guardan ninguna información personal identificable. Cookies de rendimiento Estas cookies nos permiten contar las visitas y fuentes de circulación para poder medir y mejorar el desempeño de nuestro sitio. Nos ayudan a saber qué páginas son las más o menos populares, y ver cuántas personas visitan el sit",,,,,,unknown,
Política general sobre cookies,"Política general sobre cookies Al hacer clic en ""Aceptar"", usted acepta que las cookies se guarden en su dispositivo para mejorar la navegación del sitio, analizar el uso del mismo, y colaborar con nuestros estudios para marketing. También puede configurarlas. Políticas de Cookies Configuración de cookies Aceptar Centro de preferencia de la privacidad Cuando visita cualquier sitio web, el mismo podría obtener o guardar información en su navegador, generalmente mediante el uso de cookies. Esta información puede ser acerca de usted, sus preferencias o su dispositivo, y se usa principalmente para que el sitio funcione según lo esperado. Por lo general, la información no lo identifica directamente, pero puede proporcionarle una experiencia web más personalizada. Ya que respetamos su derecho a la privacidad, usted puede escoger no permitirnos usar ciertas cookies. Haga clic en los encabezados de cada categoría para saber más y cambiar nuestras configuraciones predeterminadas. Sin embargo, el bloqueo de algunos tipos de cookies puede afectar su experiencia en el sitio y los servicios que podemos ofrecer. Ver Política de Cookies Gestionar las preferencias de consentimiento Cookies estrictamente necesarias Activas siempre Estas cookies son necesarias para que el sitio web funcione y no se pueden desactivar en nuestros sistemas. Usualmente están configuradas para responder a acciones hechas por usted para recibir servicios, tales como ajustar sus preferencias de privacidad, iniciar sesión en el sitio, o llenar formularios. Usted puede configurar su navegador para bloquear o alertar la presencia de esas cookies, pero algunas partes del sitio web no funcionarán. Estas cookies no guardan ninguna información personal identificable. Cookies de rendimiento Estas cookies nos permiten contar las visitas y fuentes de circulación para poder medir y mejorar el desempeño de nuestro sitio. Nos ayudan a saber qué páginas son las más o menos populares, y ver cuántas personas visitan el sit",,,,,,unknown,
Política general sobre cookies,"Política general sobre cookies Al hacer clic en ""Aceptar"", usted acepta que las cookies se guarden en su dispositivo para mejorar la navegación del sitio, analizar el uso del mismo, y colaborar con nuestros estudios para marketing. También puede configurarlas. Políticas de Cookies Configuración de cookies Aceptar Centro de preferencia de la privacidad Cuando visita cualquier sitio web, el mismo podría obtener o guardar información en su navegador, generalmente mediante el uso de cookies. Esta información puede ser acerca de usted, sus preferencias o su dispositivo, y se usa principalmente para que el sitio funcione según lo esperado. Por lo general, la información no lo identifica directamente, pero puede proporcionarle una experiencia web más personalizada. Ya que respetamos su derecho a la privacidad, usted puede escoger no permitirnos usar ciertas cookies. Haga clic en los encabezados de cada categoría para saber más y cambiar nuestras configuraciones predeterminadas. Sin embargo, el bloqueo de algunos tipos de cookies puede afectar su experiencia en el sitio y los servicios que podemos ofrecer. Ver Política de Cookies Gestionar las preferencias de consentimiento Cookies estrictamente necesarias Activas siempre Estas cookies son necesarias para que el sitio web funcione y no se pueden desactivar en nuestros sistemas. Usualmente están configuradas para responder a acciones hechas por usted para recibir servicios, tales como ajustar sus preferencias de privacidad, iniciar sesión en el sitio, o llenar formularios. Usted puede configurar su navegador para bloquear o alertar la presencia de esas cookies, pero algunas partes del sitio web no funcionarán. Estas cookies no guardan ninguna información personal identificable. Cookies de rendimiento Estas cookies nos permiten contar las visitas y fuentes de circulación para poder medir y mejorar el desempeño de nuestro sitio. Nos ayudan a saber qué páginas son las más o menos populares, y ver cuántas personas visitan el sit",,,,,,unknown,
Política general sobre cookies,"Política general sobre cookies Al hacer clic en ""Aceptar"", usted acepta que las cookies se guarden en su dispositivo para mejorar la navegación del sitio, analizar el uso del mismo, y colaborar con nuestros estudios para marketing. También puede configurarlas. Políticas de Cookies Configuración de cookies Aceptar Centro de preferencia de la privacidad Cuando visita cualquier sitio web, el mismo podría obtener o guardar información en su navegador, generalmente mediante el uso de cookies. Esta información puede ser acerca de usted, sus preferencias o su dispositivo, y se usa principalmente para que el sitio funcione según lo esperado. Por lo general, la información no lo identifica directamente, pero puede proporcionarle una experiencia web más personalizada. Ya que respetamos su derecho a la privacidad, usted puede escoger no permitirnos usar ciertas cookies. Haga clic en los encabezados de cada categoría para saber más y cambiar nuestras configuraciones predeterminadas. Sin embargo, el bloqueo de algunos tipos de cookies puede afectar su experiencia en el sitio y los servicios que podemos ofrecer. Ver Política de Cookies Gestionar las preferencias de consentimiento Cookies estrictamente necesarias Activas siempre Estas cookies son necesarias para que el sitio web funcione y no se pueden desactivar en nuestros sistemas. Usualmente están configuradas para responder a acciones hechas por usted para recibir servicios, tales como ajustar sus preferencias de privacidad, iniciar sesión en el sitio, o llenar formularios. Usted puede configurar su navegador para bloquear o alertar la presencia de esas cookies, pero algunas partes del sitio web no funcionarán. Estas cookies no guardan ninguna información personal identificable. Cookies de rendimiento Estas cookies nos permiten contar las visitas y fuentes de circulación para poder medir y mejorar el desempeño de nuestro sitio. Nos ayudan a saber qué páginas son las más o menos populares, y ver cuántas personas visitan el sit",,,,,,unknown,
Política general sobre cookies,"Política general sobre cookies Al hacer clic en ""Aceptar"", usted acepta que las cookies se guarden en su dispositivo para mejorar la navegación del sitio, analizar el uso del mismo, y colaborar con nuestros estudios para marketing. También puede configurarlas. Políticas de Cookies Configuración de cookies Aceptar Centro de preferencia de la privacidad Cuando visita cualquier sitio web, el mismo podría obtener o guardar información en su navegador, generalmente mediante el uso de cookies. Esta información puede ser acerca de usted, sus preferencias o su dispositivo, y se usa principalmente para que el sitio funcione según lo esperado. Por lo general, la información no lo identifica directamente, pero puede proporcionarle una experiencia web más personalizada. Ya que respetamos su derecho a la privacidad, usted puede escoger no permitirnos usar ciertas cookies. Haga clic en los encabezados de cada categoría para saber más y cambiar nuestras configuraciones predeterminadas. Sin embargo, el bloqueo de algunos tipos de cookies puede afectar su experiencia en el sitio y los servicios que podemos ofrecer. Ver Política de Cookies Gestionar las preferencias de consentimiento Cookies estrictamente necesarias Activas siempre Estas cookies son necesarias para que el sitio web funcione y no se pueden desactivar en nuestros sistemas. Usualmente están configuradas para responder a acciones hechas por usted para recibir servicios, tales como ajustar sus preferencias de privacidad, iniciar sesión en el sitio, o llenar formularios. Usted puede configurar su navegador para bloquear o alertar la presencia de esas cookies, pero algunas partes del sitio web no funcionarán. Estas cookies no guardan ninguna información personal identificable. Cookies de rendimiento Estas cookies nos permiten contar las visitas y fuentes de circulación para poder medir y mejorar el desempeño de nuestro sitio. Nos ayudan a saber qué páginas son las más o menos populares, y ver cuántas personas visitan el sit",,,,,,unknown,
Política general sobre cookies,"Política general sobre cookies Al hacer clic en ""Aceptar"", usted acepta que las cookies se guarden en su dispositivo para mejorar la navegación del sitio, analizar el uso del mismo, y colaborar con nuestros estudios para marketing. También puede configurarlas. Políticas de Cookies Configuración de cookies Aceptar Centro de preferencia de la privacidad Cuando visita cualquier sitio web, el mismo podría obtener o guardar información en su navegador, generalmente mediante el uso de cookies. Esta información puede ser acerca de usted, sus preferencias o su dispositivo, y se usa principalmente para que el sitio funcione según lo esperado. Por lo general, la información no lo identifica directamente, pero puede proporcionarle una experiencia web más personalizada. Ya que respetamos su derecho a la privacidad, usted puede escoger no permitirnos usar ciertas cookies. Haga clic en los encabezados de cada categoría para saber más y cambiar nuestras configuraciones predeterminadas. Sin embargo, el bloqueo de algunos tipos de cookies puede afectar su experiencia en el sitio y los servicios que podemos ofrecer. Ver Política de Cookies Gestionar las preferencias de consentimiento Cookies estrictamente necesarias Activas siempre Estas cookies son necesarias para que el sitio web funcione y no se pueden desactivar en nuestros sistemas. Usualmente están configuradas para responder a acciones hechas por usted para recibir servicios, tales como ajustar sus preferencias de privacidad, iniciar sesión en el sitio, o llenar formularios. Usted puede configurar su navegador para bloquear o alertar la presencia de esas cookies, pero algunas partes del sitio web no funcionarán. Estas cookies no guardan ninguna información personal identificable. Cookies de rendimiento Estas cookies nos permiten contar las visitas y fuentes de circulación para poder medir y mejorar el desempeño de nuestro sitio. Nos ayudan a saber qué páginas son las más o menos populares, y ver cuántas personas visitan el sit",,,,,,unknown,
Política general sobre cookies,"Política general sobre cookies Al hacer clic en ""Aceptar"", usted acepta que las cookies se guarden en su dispositivo para mejorar la navegación del sitio, analizar el uso del mismo, y colaborar con nuestros estudios para marketing. También puede configurarlas. Políticas de Cookies Configuración de cookies Aceptar Centro de preferencia de la privacidad Cuando visita cualquier sitio web, el mismo podría obtener o guardar información en su navegador, generalmente mediante el uso de cookies. Esta información puede ser acerca de usted, sus preferencias o su dispositivo, y se usa principalmente para que el sitio funcione según lo esperado. Por lo general, la información no lo identifica directamente, pero puede proporcionarle una experiencia web más personalizada. Ya que respetamos su derecho a la privacidad, usted puede escoger no permitirnos usar ciertas cookies. Haga clic en los encabezados de cada categoría para saber más y cambiar nuestras configuraciones predeterminadas. Sin embargo, el bloqueo de algunos tipos de cookies puede afectar su experiencia en el sitio y los servicios que podemos ofrecer. Ver Política de Cookies Gestionar las preferencias de consentimiento Cookies estrictamente necesarias Activas siempre Estas cookies son necesarias para que el sitio web funcione y no se pueden desactivar en nuestros sistemas. Usualmente están configuradas para responder a acciones hechas por usted para recibir servicios, tales como ajustar sus preferencias de privacidad, iniciar sesión en el sitio, o llenar formularios. Usted puede configurar su navegador para bloquear o alertar la presencia de esas cookies, pero algunas partes del sitio web no funcionarán. Estas cookies no guardan ninguna información personal identificable. Cookies de rendimiento Estas cookies nos permiten contar las visitas y fuentes de circulación para poder medir y mejorar el desempeño de nuestro sitio. Nos ayudan a saber qué páginas son las más o menos populares, y ver cuántas personas visitan el sit",,,,,,unknown,
Política general sobre cookies,"Política general sobre cookies Al hacer clic en ""Aceptar"", usted acepta que las cookies se guarden en su dispositivo para mejorar la navegación del sitio, analizar el uso del mismo, y colaborar con nuestros estudios para marketing. También puede configurarlas. Políticas de Cookies Configuración de cookies Aceptar Centro de preferencia de la privacidad Cuando visita cualquier sitio web, el mismo podría obtener o guardar información en su navegador, generalmente mediante el uso de cookies. Esta información puede ser acerca de usted, sus preferencias o su dispositivo, y se usa principalmente para que el sitio funcione según lo esperado. Por lo general, la información no lo identifica directamente, pero puede proporcionarle una experiencia web más personalizada. Ya que respetamos su derecho a la privacidad, usted puede escoger no permitirnos usar ciertas cookies. Haga clic en los encabezados de cada categoría para saber más y cambiar nuestras configuraciones predeterminadas. Sin embargo, el bloqueo de algunos tipos de cookies puede afectar su experiencia en el sitio y los servicios que podemos ofrecer. Ver Política de Cookies Gestionar las preferencias de consentimiento Cookies estrictamente necesarias Activas siempre Estas cookies son necesarias para que el sitio web funcione y no se pueden desactivar en nuestros sistemas. Usualmente están configuradas para responder a acciones hechas por usted para recibir servicios, tales como ajustar sus preferencias de privacidad, iniciar sesión en el sitio, o llenar formularios. Usted puede configurar su navegador para bloquear o alertar la presencia de esas cookies, pero algunas partes del sitio web no funcionarán. Estas cookies no guardan ninguna información personal identificable. Cookies de rendimiento Estas cookies nos permiten contar las visitas y fuentes de circulación para poder medir y mejorar el desempeño de nuestro sitio. Nos ayudan a saber qué páginas son las más o menos populares, y ver cuántas personas visitan el sit",,,,,,unknown,
Política general sobre cookies,"Política general sobre cookies Al hacer clic en ""Aceptar"", usted acepta que las cookies se guarden en su dispositivo para mejorar la navegación del sitio, analizar el uso del mismo, y colaborar con nuestros estudios para marketing. También puede configurarlas. Políticas de Cookies Configuración de cookies Aceptar Centro de preferencia de la privacidad Cuando visita cualquier sitio web, el mismo podría obtener o guardar información en su navegador, generalmente mediante el uso de cookies. Esta información puede ser acerca de usted, sus preferencias o su dispositivo, y se usa principalmente para que el sitio funcione según lo esperado. Por lo general, la información no lo identifica directamente, pero puede proporcionarle una experiencia web más personalizada. Ya que respetamos su derecho a la privacidad, usted puede escoger no permitirnos usar ciertas cookies. Haga clic en los encabezados de cada categoría para saber más y cambiar nuestras configuraciones predeterminadas. Sin embargo, el bloqueo de algunos tipos de cookies puede afectar su experiencia en el sitio y los servicios que podemos ofrecer. Ver Política de Cookies Gestionar las preferencias de consentimiento Cookies estrictamente necesarias Activas siempre Estas cookies son necesarias para que el sitio web funcione y no se pueden desactivar en nuestros sistemas. Usualmente están configuradas para responder a acciones hechas por usted para recibir servicios, tales como ajustar sus preferencias de privacidad, iniciar sesión en el sitio, o llenar formularios. Usted puede configurar su navegador para bloquear o alertar la presencia de esas cookies, pero algunas partes del sitio web no funcionarán. Estas cookies no guardan ninguna información personal identificable. Cookies de rendimiento Estas cookies nos permiten contar las visitas y fuentes de circulación para poder medir y mejorar el desempeño de nuestro sitio. Nos ayudan a saber qué páginas son las más o menos populares, y ver cuántas personas visitan el sit",,,,,,unknown,
Se interrumpió la conexión,Se interrumpió la conexión Se detectó un cambio de red. ERR_NETWORK_CHANGED Volver a cargar Se detectó un cambio de red.,,,,,,unknown,
Política general sobre cookies,"Política general sobre cookies Al hacer clic en ""Aceptar"", usted acepta que las cookies se guarden en su dispositivo para mejorar la navegación del sitio, analizar el uso del mismo, y colaborar con nuestros estudios para marketing. También puede configurarlas. Políticas de Cookies Configuración de cookies Aceptar Centro de preferencia de la privacidad Cuando visita cualquier sitio web, el mismo podría obtener o guardar información en su navegador, generalmente mediante el uso de cookies. Esta información puede ser acerca de usted, sus preferencias o su dispositivo, y se usa principalmente para que el sitio funcione según lo esperado. Por lo general, la información no lo identifica directamente, pero puede proporcionarle una experiencia web más personalizada. Ya que respetamos su derecho a la privacidad, usted puede escoger no permitirnos usar ciertas cookies. Haga clic en los encabezados de cada categoría para saber más y cambiar nuestras configuraciones predeterminadas. Sin embargo, el bloqueo de algunos tipos de cookies puede afectar su experiencia en el sitio y los servicios que podemos ofrecer. Ver Política de Cookies Gestionar las preferencias de consentimiento Cookies estrictamente necesarias Activas siempre Estas cookies son necesarias para que el sitio web funcione y no se pueden desactivar en nuestros sistemas. Usualmente están configuradas para responder a acciones hechas por usted para recibir servicios, tales como ajustar sus preferencias de privacidad, iniciar sesión en el sitio, o llenar formularios. Usted puede configurar su navegador para bloquear o alertar la presencia de esas cookies, pero algunas partes del sitio web no funcionarán. Estas cookies no guardan ninguna información personal identificable. Cookies de rendimiento Estas cookies nos permiten contar las visitas y fuentes de circulación para poder medir y mejorar el desempeño de nuestro sitio. Nos ayudan a saber qué páginas son las más o menos populares, y ver cuántas personas visitan el sit",,,,,,unknown,
Política general sobre cookies,"Política general sobre cookies Al hacer clic en ""Aceptar"", usted acepta que las cookies se guarden en su dispositivo para mejorar la navegación del sitio, analizar el uso del mismo, y colaborar con nuestros estudios para marketing. También puede configurarlas. Políticas de Cookies Configuración de cookies Aceptar Centro de preferencia de la privacidad Cuando visita cualquier sitio web, el mismo podría obtener o guardar información en su navegador, generalmente mediante el uso de cookies. Esta información puede ser acerca de usted, sus preferencias o su dispositivo, y se usa principalmente para que el sitio funcione según lo esperado. Por lo general, la información no lo identifica directamente, pero puede proporcionarle una experiencia web más personalizada. Ya que respetamos su derecho a la privacidad, usted puede escoger no permitirnos usar ciertas cookies. Haga clic en los encabezados de cada categoría para saber más y cambiar nuestras configuraciones predeterminadas. Sin embargo, el bloqueo de algunos tipos de cookies puede afectar su experiencia en el sitio y los servicios que podemos ofrecer. Ver Política de Cookies Gestionar las preferencias de consentimiento Cookies estrictamente necesarias Activas siempre Estas cookies son necesarias para que el sitio web funcione y no se pueden desactivar en nuestros sistemas. Usualmente están configuradas para responder a acciones hechas por usted para recibir servicios, tales como ajustar sus preferencias de privacidad, iniciar sesión en el sitio, o llenar formularios. Usted puede configurar su navegador para bloquear o alertar la presencia de esas cookies, pero algunas partes del sitio web no funcionarán. Estas cookies no guardan ninguna información personal identificable. Cookies de rendimiento Estas cookies nos permiten contar las visitas y fuentes de circulación para poder medir y mejorar el desempeño de nuestro sitio. Nos ayudan a saber qué páginas son las más o menos populares, y ver cuántas personas visitan el sit",,,,,,unknown,
Política general sobre cookies,"Política general sobre cookies Al hacer clic en ""Aceptar"", usted acepta que las cookies se guarden en su dispositivo para mejorar la navegación del sitio, analizar el uso del mismo, y colaborar con nuestros estudios para marketing. También puede configurarlas. Políticas de Cookies Configuración de cookies Aceptar Centro de preferencia de la privacidad Cuando visita cualquier sitio web, el mismo podría obtener o guardar información en su navegador, generalmente mediante el uso de cookies. Esta información puede ser acerca de usted, sus preferencias o su dispositivo, y se usa principalmente para que el sitio funcione según lo esperado. Por lo general, la información no lo identifica directamente, pero puede proporcionarle una experiencia web más personalizada. Ya que respetamos su derecho a la privacidad, usted puede escoger no permitirnos usar ciertas cookies. Haga clic en los encabezados de cada categoría para saber más y cambiar nuestras configuraciones predeterminadas. Sin embargo, el bloqueo de algunos tipos de cookies puede afectar su experiencia en el sitio y los servicios que podemos ofrecer. Ver Política de Cookies Gestionar las preferencias de consentimiento Cookies estrictamente necesarias Activas siempre Estas cookies son necesarias para que el sitio web funcione y no se pueden desactivar en nuestros sistemas. Usualmente están configuradas para responder a acciones hechas por usted para recibir servicios, tales como ajustar sus preferencias de privacidad, iniciar sesión en el sitio, o llenar formularios. Usted puede configurar su navegador para bloquear o alertar la presencia de esas cookies, pero algunas partes del sitio web no funcionarán. Estas cookies no guardan ninguna información personal identificable. Cookies de rendimiento Estas cookies nos permiten contar las visitas y fuentes de circulación para poder medir y mejorar el desempeño de nuestro sitio. Nos ayudan a saber qué páginas son las más o menos populares, y ver cuántas personas visitan el sit",,,,,,unknown,
Política general sobre cookies,"Política general sobre cookies Al hacer clic en ""Aceptar"", usted acepta que las cookies se guarden en su dispositivo para mejorar la navegación del sitio, analizar el uso del mismo, y colaborar con nuestros estudios para marketing. También puede configurarlas. Políticas de Cookies Configuración de cookies Aceptar Centro de preferencia de la privacidad Cuando visita cualquier sitio web, el mismo podría obtener o guardar información en su navegador, generalmente mediante el uso de cookies. Esta información puede ser acerca de usted, sus preferencias o su dispositivo, y se usa principalmente para que el sitio funcione según lo esperado. Por lo general, la información no lo identifica directamente, pero puede proporcionarle una experiencia web más personalizada. Ya que respetamos su derecho a la privacidad, usted puede escoger no permitirnos usar ciertas cookies. Haga clic en los encabezados de cada categoría para saber más y cambiar nuestras configuraciones predeterminadas. Sin embargo, el bloqueo de algunos tipos de cookies puede afectar su experiencia en el sitio y los servicios que podemos ofrecer. Ver Política de Cookies Gestionar las preferencias de consentimiento Cookies estrictamente necesarias Activas siempre Estas cookies son necesarias para que el sitio web funcione y no se pueden desactivar en nuestros sistemas. Usualmente están configuradas para responder a acciones hechas por usted para recibir servicios, tales como ajustar sus preferencias de privacidad, iniciar sesión en el sitio, o llenar formularios. Usted puede configurar su navegador para bloquear o alertar la presencia de esas cookies, pero algunas partes del sitio web no funcionarán. Estas cookies no guardan ninguna información personal identificable. Cookies de rendimiento Estas cookies nos permiten contar las visitas y fuentes de circulación para poder medir y mejorar el desempeño de nuestro sitio. Nos ayudan a saber qué páginas son las más o menos populares, y ver cuántas personas visitan el sit",,,,,,unknown,
Política general sobre cookies,"Política general sobre cookies Al hacer clic en ""Aceptar"", usted acepta que las cookies se guarden en su dispositivo para mejorar la navegación del sitio, analizar el uso del mismo, y colaborar con nuestros estudios para marketing. También puede configurarlas. Políticas de Cookies Configuración de cookies Aceptar Centro de preferencia de la privacidad Cuando visita cualquier sitio web, el mismo podría obtener o guardar información en su navegador, generalmente mediante el uso de cookies. Esta información puede ser acerca de usted, sus preferencias o su dispositivo, y se usa principalmente para que el sitio funcione según lo esperado. Por lo general, la información no lo identifica directamente, pero puede proporcionarle una experiencia web más personalizada. Ya que respetamos su derecho a la privacidad, usted puede escoger no permitirnos usar ciertas cookies. Haga clic en los encabezados de cada categoría para saber más y cambiar nuestras configuraciones predeterminadas. Sin embargo, el bloqueo de algunos tipos de cookies puede afectar su experiencia en el sitio y los servicios que podemos ofrecer. Ver Política de Cookies Gestionar las preferencias de consentimiento Cookies estrictamente necesarias Activas siempre Estas cookies son necesarias para que el sitio web funcione y no se pueden desactivar en nuestros sistemas. Usualmente están configuradas para responder a acciones hechas por usted para recibir servicios, tales como ajustar sus preferencias de privacidad, iniciar sesión en el sitio, o llenar formularios. Usted puede configurar su navegador para bloquear o alertar la presencia de esas cookies, pero algunas partes del sitio web no funcionarán. Estas cookies no guardan ninguna información personal identificable. Cookies de rendimiento Estas cookies nos permiten contar las visitas y fuentes de circulación para poder medir y mejorar el desempeño de nuestro sitio. Nos ayudan a saber qué páginas son las más o menos populares, y ver cuántas personas visitan el sit",,,,,,unknown,
Política general sobre cookies,"Política general sobre cookies Al hacer clic en ""Aceptar"", usted acepta que las cookies se guarden en su dispositivo para mejorar la navegación del sitio, analizar el uso del mismo, y colaborar con nuestros estudios para marketing. También puede configurarlas. Políticas de Cookies Configuración de cookies Aceptar Centro de preferencia de la privacidad Cuando visita cualquier sitio web, el mismo podría obtener o guardar información en su navegador, generalmente mediante el uso de cookies. Esta información puede ser acerca de usted, sus preferencias o su dispositivo, y se usa principalmente para que el sitio funcione según lo esperado. Por lo general, la información no lo identifica directamente, pero puede proporcionarle una experiencia web más personalizada. Ya que respetamos su derecho a la privacidad, usted puede escoger no permitirnos usar ciertas cookies. Haga clic en los encabezados de cada categoría para saber más y cambiar nuestras configuraciones predeterminadas. Sin embargo, el bloqueo de algunos tipos de cookies puede afectar su experiencia en el sitio y los servicios que podemos ofrecer. Ver Política de Cookies Gestionar las preferencias de consentimiento Cookies estrictamente necesarias Activas siempre Estas cookies son necesarias para que el sitio web funcione y no se pueden desactivar en nuestros sistemas. Usualmente están configuradas para responder a acciones hechas por usted para recibir servicios, tales como ajustar sus preferencias de privacidad, iniciar sesión en el sitio, o llenar formularios. Usted puede configurar su navegador para bloquear o alertar la presencia de esas cookies, pero algunas partes del sitio web no funcionarán. Estas cookies no guardan ninguna información personal identificable. Cookies de rendimiento Estas cookies nos permiten contar las visitas y fuentes de circulación para poder medir y mejorar el desempeño de nuestro sitio. Nos ayudan a saber qué páginas son las más o menos populares, y ver cuántas personas visitan el sit",,,,,,unknown,
Política general sobre cookies,"Política general sobre cookies Al hacer clic en ""Aceptar"", usted acepta que las cookies se guarden en su dispositivo para mejorar la navegación del sitio, analizar el uso del mismo, y colaborar con nuestros estudios para marketing. También puede configurarlas. Políticas de Cookies Configuración de cookies Aceptar Centro de preferencia de la privacidad Cuando visita cualquier sitio web, el mismo podría obtener o guardar información en su navegador, generalmente mediante el uso de cookies. Esta información puede ser acerca de usted, sus preferencias o su dispositivo, y se usa principalmente para que el sitio funcione según lo esperado. Por lo general, la información no lo identifica directamente, pero puede proporcionarle una experiencia web más personalizada. Ya que respetamos su derecho a la privacidad, usted puede escoger no permitirnos usar ciertas cookies. Haga clic en los encabezados de cada categoría para saber más y cambiar nuestras configuraciones predeterminadas. Sin embargo, el bloqueo de algunos tipos de cookies puede afectar su experiencia en el sitio y los servicios que podemos ofrecer. Ver Política de Cookies Gestionar las preferencias de consentimiento Cookies estrictamente necesarias Activas siempre Estas cookies son necesarias para que el sitio web funcione y no se pueden desactivar en nuestros sistemas. Usualmente están configuradas para responder a acciones hechas por usted para recibir servicios, tales como ajustar sus preferencias de privacidad, iniciar sesión en el sitio, o llenar formularios. Usted puede configurar su navegador para bloquear o alertar la presencia de esas cookies, pero algunas partes del sitio web no funcionarán. Estas cookies no guardan ninguna información personal identificable. Cookies de rendimiento Estas cookies nos permiten contar las visitas y fuentes de circulación para poder medir y mejorar el desempeño de nuestro sitio. Nos ayudan a saber qué páginas son las más o menos populares, y ver cuántas personas visitan el sit",,,,,,unknown,
Política general sobre cookies,"Política general sobre cookies Al hacer clic en ""Aceptar"", usted acepta que las cookies se guarden en su dispositivo para mejorar la navegación del sitio, analizar el uso del mismo, y colaborar con nuestros estudios para marketing. También puede configurarlas. Políticas de Cookies Configuración de cookies Aceptar Centro de preferencia de la privacidad Cuando visita cualquier sitio web, el mismo podría obtener o guardar información en su navegador, generalmente mediante el uso de cookies. Esta información puede ser acerca de usted, sus preferencias o su dispositivo, y se usa principalmente para que el sitio funcione según lo esperado. Por lo general, la información no lo identifica directamente, pero puede proporcionarle una experiencia web más personalizada. Ya que respetamos su derecho a la privacidad, usted puede escoger no permitirnos usar ciertas cookies. Haga clic en los encabezados de cada categoría para saber más y cambiar nuestras configuraciones predeterminadas. Sin embargo, el bloqueo de algunos tipos de cookies puede afectar su experiencia en el sitio y los servicios que podemos ofrecer. Ver Política de Cookies Gestionar las preferencias de consentimiento Cookies estrictamente necesarias Activas siempre Estas cookies son necesarias para que el sitio web funcione y no se pueden desactivar en nuestros sistemas. Usualmente están configuradas para responder a acciones hechas por usted para recibir servicios, tales como ajustar sus preferencias de privacidad, iniciar sesión en el sitio, o llenar formularios. Usted puede configurar su navegador para bloquear o alertar la presencia de esas cookies, pero algunas partes del sitio web no funcionarán. Estas cookies no guardan ninguna información personal identificable. Cookies de rendimiento Estas cookies nos permiten contar las visitas y fuentes de circulación para poder medir y mejorar el desempeño de nuestro sitio. Nos ayudan a saber qué páginas son las más o menos populares, y ver cuántas personas visitan el sit",,,,,,unknown,
Política general sobre cookies,"Política general sobre cookies Al hacer clic en ""Aceptar"", usted acepta que las cookies se guarden en su dispositivo para mejorar la navegación del sitio, analizar el uso del mismo, y colaborar con nuestros estudios para marketing. También puede configurarlas. Políticas de Cookies Configuración de cookies Aceptar Centro de preferencia de la privacidad Cuando visita cualquier sitio web, el mismo podría obtener o guardar información en su navegador, generalmente mediante el uso de cookies. Esta información puede ser acerca de usted, sus preferencias o su dispositivo, y se usa principalmente para que el sitio funcione según lo esperado. Por lo general, la información no lo identifica directamente, pero puede proporcionarle una experiencia web más personalizada. Ya que respetamos su derecho a la privacidad, usted puede escoger no permitirnos usar ciertas cookies. Haga clic en los encabezados de cada categoría para saber más y cambiar nuestras configuraciones predeterminadas. Sin embargo, el bloqueo de algunos tipos de cookies puede afectar su experiencia en el sitio y los servicios que podemos ofrecer. Ver Política de Cookies Gestionar las preferencias de consentimiento Cookies estrictamente necesarias Activas siempre Estas cookies son necesarias para que el sitio web funcione y no se pueden desactivar en nuestros sistemas. Usualmente están configuradas para responder a acciones hechas por usted para recibir servicios, tales como ajustar sus preferencias de privacidad, iniciar sesión en el sitio, o llenar formularios. Usted puede configurar su navegador para bloquear o alertar la presencia de esas cookies, pero algunas partes del sitio web no funcionarán. Estas cookies no guardan ninguna información personal identificable. Cookies de rendimiento Estas cookies nos permiten contar las visitas y fuentes de circulación para poder medir y mejorar el desempeño de nuestro sitio. Nos ayudan a saber qué páginas son las más o menos populares, y ver cuántas personas visitan el sit",,,,,,unknown,
Política general sobre cookies,"Política general sobre cookies Al hacer clic en ""Aceptar"", usted acepta que las cookies se guarden en su dispositivo para mejorar la navegación del sitio, analizar el uso del mismo, y colaborar con nuestros estudios para marketing. También puede configurarlas. Políticas de Cookies Configuración de cookies Aceptar Centro de preferencia de la privacidad Cuando visita cualquier sitio web, el mismo podría obtener o guardar información en su navegador, generalmente mediante el uso de cookies. Esta información puede ser acerca de usted, sus preferencias o su dispositivo, y se usa principalmente para que el sitio funcione según lo esperado. Por lo general, la información no lo identifica directamente, pero puede proporcionarle una experiencia web más personalizada. Ya que respetamos su derecho a la privacidad, usted puede escoger no permitirnos usar ciertas cookies. Haga clic en los encabezados de cada categoría para saber más y cambiar nuestras configuraciones predeterminadas. Sin embargo, el bloqueo de algunos tipos de cookies puede afectar su experiencia en el sitio y los servicios que podemos ofrecer. Ver Política de Cookies Gestionar las preferencias de consentimiento Cookies estrictamente necesarias Activas siempre Estas cookies son necesarias para que el sitio web funcione y no se pueden desactivar en nuestros sistemas. Usualmente están configuradas para responder a acciones hechas por usted para recibir servicios, tales como ajustar sus preferencias de privacidad, iniciar sesión en el sitio, o llenar formularios. Usted puede configurar su navegador para bloquear o alertar la presencia de esas cookies, pero algunas partes del sitio web no funcionarán. Estas cookies no guardan ninguna información personal identificable. Cookies de rendimiento Estas cookies nos permiten contar las visitas y fuentes de circulación para poder medir y mejorar el desempeño de nuestro sitio. Nos ayudan a saber qué páginas son las más o menos populares, y ver cuántas personas visitan el sit",,,,,,unknown,
¡Lo mejor te está esperando!,"¡Lo mejor te está esperando! Descarga la app Departamentos Inicia sesión Ofertas de la semana Listas Alsuper Club Alsuper Alsuper card Estás en Alsuper Plus Leones 90 min Inicio > Despensa > Aceites > Aceite Vegetal De Canola Capullo 400 Ml Detalles: ¡Descubre el ACEITE VEGETAL DE CANOLA CAPULLO de 400 ml, un imprescindible en tu despensa! Este aceite de alta calidad es perfecto para cocinar, freír y aderezar tus platillos favoritos. Con su sabor suave y natural, eleva el ... Ver más Aceite Vegetal de canola Capullo 400 ml $25.90 $29.90 Agregar al carrito Favoritos Agregar a una lista Recomendados 2 x $55 $29.90 $36.90 Aceite Vegetal Mimarca 800 Ml 800 ML Agregar $39.90 $44.90 Aceite Vegetal 123 1 Lt 1 LT Agregar 2 x $65 $37.90 Aceite Vegetal Ave 850 Ml 850 ML Agregar $51.90 $55.90 Aceite Vegetal De Canola Capullo 84... 840 ML Agregar $69.90 Aceite Vegetal De Maíz Mazola 765 M... 765 ML Agregar $25.90 $29.90 Aceite Vegetal De Canola Capullo 40... 400 ML Agregar $36.90 $39.90 Aceite Vegetal Kartamus 900 Ml 900 ML Agregar $45.90 $48.90 Aceite Puro De Maiz 123 1 Litro 1 LT Agregar $51.90 Aceite Vegetal Comestible Aerosol A... 170 GR Agregar $59.90 $64.90 Aceite Vegetal De Cártamo Capullo 7... 750 ML Agregar $41.90 $45.90 Aceite Vegetal De Soya Y Canola Sab... 850 ML Agregar -21% $35.90 $44.90 Aceite Vegetal De Soya Capullo 750 ... 750 ML Agregar $84.90 Aceite Vegetal De Ajonjoli Y Soya ... 250 ML Agregar 2 x $80 $46.90 $49.90 Aceite De Soya Nutrioli 850 Ml 850 ML Agregar -29% $36.90 $51.90 Margarina Con Sal Iberia 400 G 400 GR Agregar $29.90 $32.90 Mantequilla Sin Sal La Gloria 90 G 90 GR Agregar $29.90 $32.90 Mantequilla Con Sal La Gloria 90 G 90 GR Agregar $49.90 $54.90 Manteca De Cerdo Morrell 454 G 454 GR Agregar $22.90 $24.90 Aceite De Soya Nutrioli 400 Ml 400 ML Agregar $114.90 $124.90 Mantequilla Sin Sal La Gloria 360 G 360 GR Agregar -24% $12.90 $16.90 Margarina Con Sal Iberia 90 G 90 GR Agregar $45.90 $49.90 Aceite De Soya Antigoteo Nutrioli 7... 700 ML Agrega",,2590,,,,unknown,
Política general sobre cookies,"Política general sobre cookies Al hacer clic en ""Aceptar"", usted acepta que las cookies se guarden en su dispositivo para mejorar la navegación del sitio, analizar el uso del mismo, y colaborar con nuestros estudios para marketing. También puede configurarlas. Políticas de Cookies Configuración de cookies Aceptar Centro de preferencia de la privacidad Cuando visita cualquier sitio web, el mismo podría obtener o guardar información en su navegador, generalmente mediante el uso de cookies. Esta información puede ser acerca de usted, sus preferencias o su dispositivo, y se usa principalmente para que el sitio funcione según lo esperado. Por lo general, la información no lo identifica directamente, pero puede proporcionarle una experiencia web más personalizada. Ya que respetamos su derecho a la privacidad, usted puede escoger no permitirnos usar ciertas cookies. Haga clic en los encabezados de cada categoría para saber más y cambiar nuestras configuraciones predeterminadas. Sin embargo, el bloqueo de algunos tipos de cookies puede afectar su experiencia en el sitio y los servicios que podemos ofrecer. Ver Política de Cookies Gestionar las preferencias de consentimiento Cookies estrictamente necesarias Activas siempre Estas cookies son necesarias para que el sitio web funcione y no se pueden desactivar en nuestros sistemas. Usualmente están configuradas para responder a acciones hechas por usted para recibir servicios, tales como ajustar sus preferencias de privacidad, iniciar sesión en el sitio, o llenar formularios. Usted puede configurar su navegador para bloquear o alertar la presencia de esas cookies, pero algunas partes del sitio web no funcionarán. Estas cookies no guardan ninguna información personal identificable. Cookies de rendimiento Estas cookies nos permiten contar las visitas y fuentes de circulación para poder medir y mejorar el desempeño de nuestro sitio. Nos ayudan a saber qué páginas son las más o menos populares, y ver cuántas personas visitan el sit",,,,,,unknown,
Política general sobre cookies,"Política general sobre cookies Al hacer clic en ""Aceptar"", usted acepta que las cookies se guarden en su dispositivo para mejorar la navegación del sitio, analizar el uso del mismo, y colaborar con nuestros estudios para marketing. También puede configurarlas. Políticas de Cookies Configuración de cookies Aceptar Centro de preferencia de la privacidad Cuando visita cualquier sitio web, el mismo podría obtener o guardar información en su navegador, generalmente mediante el uso de cookies. Esta información puede ser acerca de usted, sus preferencias o su dispositivo, y se usa principalmente para que el sitio funcione según lo esperado. Por lo general, la información no lo identifica directamente, pero puede proporcionarle una experiencia web más personalizada. Ya que respetamos su derecho a la privacidad, usted puede escoger no permitirnos usar ciertas cookies. Haga clic en los encabezados de cada categoría para saber más y cambiar nuestras configuraciones predeterminadas. Sin embargo, el bloqueo de algunos tipos de cookies puede afectar su experiencia en el sitio y los servicios que podemos ofrecer. Ver Política de Cookies Gestionar las preferencias de consentimiento Cookies estrictamente necesarias Activas siempre Estas cookies son necesarias para que el sitio web funcione y no se pueden desactivar en nuestros sistemas. Usualmente están configuradas para responder a acciones hechas por usted para recibir servicios, tales como ajustar sus preferencias de privacidad, iniciar sesión en el sitio, o llenar formularios. Usted puede configurar su navegador para bloquear o alertar la presencia de esas cookies, pero algunas partes del sitio web no funcionarán. Estas cookies no guardan ninguna información personal identificable. Cookies de rendimiento Estas cookies nos permiten contar las visitas y fuentes de circulación para poder medir y mejorar el desempeño de nuestro sitio. Nos ayudan a saber qué páginas son las más o menos populares, y ver cuántas personas visitan el sit",,,,,,unknown,
Política general sobre cookies,"Política general sobre cookies Al hacer clic en ""Aceptar"", usted acepta que las cookies se guarden en su dispositivo para mejorar la navegación del sitio, analizar el uso del mismo, y colaborar con nuestros estudios para marketing. También puede configurarlas. Políticas de Cookies Configuración de cookies Aceptar Centro de preferencia de la privacidad Cuando visita cualquier sitio web, el mismo podría obtener o guardar información en su navegador, generalmente mediante el uso de cookies. Esta información puede ser acerca de usted, sus preferencias o su dispositivo, y se usa principalmente para que el sitio funcione según lo esperado. Por lo general, la información no lo identifica directamente, pero puede proporcionarle una experiencia web más personalizada. Ya que respetamos su derecho a la privacidad, usted puede escoger no permitirnos usar ciertas cookies. Haga clic en los encabezados de cada categoría para saber más y cambiar nuestras configuraciones predeterminadas. Sin embargo, el bloqueo de algunos tipos de cookies puede afectar su experiencia en el sitio y los servicios que podemos ofrecer. Ver Política de Cookies Gestionar las preferencias de consentimiento Cookies estrictamente necesarias Activas siempre Estas cookies son necesarias para que el sitio web funcione y no se pueden desactivar en nuestros sistemas. Usualmente están configuradas para responder a acciones hechas por usted para recibir servicios, tales como ajustar sus preferencias de privacidad, iniciar sesión en el sitio, o llenar formularios. Usted puede configurar su navegador para bloquear o alertar la presencia de esas cookies, pero algunas partes del sitio web no funcionarán. Estas cookies no guardan ninguna información personal identificable. Cookies de rendimiento Estas cookies nos permiten contar las visitas y fuentes de circulación para poder medir y mejorar el desempeño de nuestro sitio. Nos ayudan a saber qué páginas son las más o menos populares, y ver cuántas personas visitan el sit",,,,,,unknown,
Política general sobre cookies,"Política general sobre cookies Al hacer clic en ""Aceptar"", usted acepta que las cookies se guarden en su dispositivo para mejorar la navegación del sitio, analizar el uso del mismo, y colaborar con nuestros estudios para marketing. También puede configurarlas. Políticas de Cookies Configuración de cookies Aceptar Centro de preferencia de la privacidad Cuando visita cualquier sitio web, el mismo podría obtener o guardar información en su navegador, generalmente mediante el uso de cookies. Esta información puede ser acerca de usted, sus preferencias o su dispositivo, y se usa principalmente para que el sitio funcione según lo esperado. Por lo general, la información no lo identifica directamente, pero puede proporcionarle una experiencia web más personalizada. Ya que respetamos su derecho a la privacidad, usted puede escoger no permitirnos usar ciertas cookies. Haga clic en los encabezados de cada categoría para saber más y cambiar nuestras configuraciones predeterminadas. Sin embargo, el bloqueo de algunos tipos de cookies puede afectar su experiencia en el sitio y los servicios que podemos ofrecer. Ver Política de Cookies Gestionar las preferencias de consentimiento Cookies estrictamente necesarias Activas siempre Estas cookies son necesarias para que el sitio web funcione y no se pueden desactivar en nuestros sistemas. Usualmente están configuradas para responder a acciones hechas por usted para recibir servicios, tales como ajustar sus preferencias de privacidad, iniciar sesión en el sitio, o llenar formularios. Usted puede configurar su navegador para bloquear o alertar la presencia de esas cookies, pero algunas partes del sitio web no funcionarán. Estas cookies no guardan ninguna información personal identificable. Cookies de rendimiento Estas cookies nos permiten contar las visitas y fuentes de circulación para poder medir y mejorar el desempeño de nuestro sitio. Nos ayudan a saber qué páginas son las más o menos populares, y ver cuántas personas visitan el sit",,,,,,unknown,
Política general sobre cookies,"Política general sobre cookies Al hacer clic en ""Aceptar"", usted acepta que las cookies se guarden en su dispositivo para mejorar la navegación del sitio, analizar el uso del mismo, y colaborar con nuestros estudios para marketing. También puede configurarlas. Políticas de Cookies Configuración de cookies Aceptar Centro de preferencia de la privacidad Cuando visita cualquier sitio web, el mismo podría obtener o guardar información en su navegador, generalmente mediante el uso de cookies. Esta información puede ser acerca de usted, sus preferencias o su dispositivo, y se usa principalmente para que el sitio funcione según lo esperado. Por lo general, la información no lo identifica directamente, pero puede proporcionarle una experiencia web más personalizada. Ya que respetamos su derecho a la privacidad, usted puede escoger no permitirnos usar ciertas cookies. Haga clic en los encabezados de cada categoría para saber más y cambiar nuestras configuraciones predeterminadas. Sin embargo, el bloqueo de algunos tipos de cookies puede afectar su experiencia en el sitio y los servicios que podemos ofrecer. Ver Política de Cookies Gestionar las preferencias de consentimiento Cookies estrictamente necesarias Activas siempre Estas cookies son necesarias para que el sitio web funcione y no se pueden desactivar en nuestros sistemas. Usualmente están configuradas para responder a acciones hechas por usted para recibir servicios, tales como ajustar sus preferencias de privacidad, iniciar sesión en el sitio, o llenar formularios. Usted puede configurar su navegador para bloquear o alertar la presencia de esas cookies, pero algunas partes del sitio web no funcionarán. Estas cookies no guardan ninguna información personal identificable. Cookies de rendimiento Estas cookies nos permiten contar las visitas y fuentes de circulación para poder medir y mejorar el desempeño de nuestro sitio. Nos ayudan a saber qué páginas son las más o menos populares, y ver cuántas personas visitan el sit",,,,,,unknown,
No se puede acceder a este sitio,No se puede acceder a este sitio Es posible que la página web en https://www.vivanda.com.pe/huevos-pardos-la-calera-paquete-30un/p no funcione temporalmente o se haya trasladado de manera permanente a una nueva dirección web. ERR_FAILED Es posible que la página web en https://www.vivanda.com.pe/huevos-pardos-la-calera-paquete-30un/p no funcione temporalmente o se haya trasladado de manera permanente a una nueva dirección web.,,,,,,unknown,
Política general sobre cookies,"Política general sobre cookies Al hacer clic en ""Aceptar"", usted acepta que las cookies se guarden en su dispositivo para mejorar la navegación del sitio, analizar el uso del mismo, y colaborar con nuestros estudios para marketing. También puede configurarlas. Políticas de Cookies Configuración de cookies Aceptar Centro de preferencia de la privacidad Cuando visita cualquier sitio web, el mismo podría obtener o guardar información en su navegador, generalmente mediante el uso de cookies. Esta información puede ser acerca de usted, sus preferencias o su dispositivo, y se usa principalmente para que el sitio funcione según lo esperado. Por lo general, la información no lo identifica directamente, pero puede proporcionarle una experiencia web más personalizada. Ya que respetamos su derecho a la privacidad, usted puede escoger no permitirnos usar ciertas cookies. Haga clic en los encabezados de cada categoría para saber más y cambiar nuestras configuraciones predeterminadas. Sin embargo, el bloqueo de algunos tipos de cookies puede afectar su experiencia en el sitio y los servicios que podemos ofrecer. Ver Política de Cookies Gestionar las preferencias de consentimiento Cookies estrictamente necesarias Activas siempre Estas cookies son necesarias para que el sitio web funcione y no se pueden desactivar en nuestros sistemas. Usualmente están configuradas para responder a acciones hechas por usted para recibir servicios, tales como ajustar sus preferencias de privacidad, iniciar sesión en el sitio, o llenar formularios. Usted puede configurar su navegador para bloquear o alertar la presencia de esas cookies, pero algunas partes del sitio web no funcionarán. Estas cookies no guardan ninguna información personal identificable. Cookies de rendimiento Estas cookies nos permiten contar las visitas y fuentes de circulación para poder medir y mejorar el desempeño de nuestro sitio. Nos ayudan a saber qué páginas son las más o menos populares, y ver cuántas personas visitan el sit",,,,,,unknown,
Política general sobre cookies,"Política general sobre cookies Al hacer clic en ""Aceptar"", usted acepta que las cookies se guarden en su dispositivo para mejorar la navegación del sitio, analizar el uso del mismo, y colaborar con nuestros estudios para marketing. También puede configurarlas. Políticas de Cookies Configuración de cookies Aceptar Centro de preferencia de la privacidad Cuando visita cualquier sitio web, el mismo podría obtener o guardar información en su navegador, generalmente mediante el uso de cookies. Esta información puede ser acerca de usted, sus preferencias o su dispositivo, y se usa principalmente para que el sitio funcione según lo esperado. Por lo general, la información no lo identifica directamente, pero puede proporcionarle una experiencia web más personalizada. Ya que respetamos su derecho a la privacidad, usted puede escoger no permitirnos usar ciertas cookies. Haga clic en los encabezados de cada categoría para saber más y cambiar nuestras configuraciones predeterminadas. Sin embargo, el bloqueo de algunos tipos de cookies puede afectar su experiencia en el sitio y los servicios que podemos ofrecer. Ver Política de Cookies Gestionar las preferencias de consentimiento Cookies estrictamente necesarias Activas siempre Estas cookies son necesarias para que el sitio web funcione y no se pueden desactivar en nuestros sistemas. Usualmente están configuradas para responder a acciones hechas por usted para recibir servicios, tales como ajustar sus preferencias de privacidad, iniciar sesión en el sitio, o llenar formularios. Usted puede configurar su navegador para bloquear o alertar la presencia de esas cookies, pero algunas partes del sitio web no funcionarán. Estas cookies no guardan ninguna información personal identificable. Cookies de rendimiento Estas cookies nos permiten contar las visitas y fuentes de circulación para poder medir y mejorar el desempeño de nuestro sitio. Nos ayudan a saber qué páginas son las más o menos populares, y ver cuántas personas visitan el sit",,,,,,unknown,
Política general sobre cookies,"Política general sobre cookies Al hacer clic en ""Aceptar"", usted acepta que las cookies se guarden en su dispositivo para mejorar la navegación del sitio, analizar el uso del mismo, y colaborar con nuestros estudios para marketing. También puede configurarlas. Políticas de Cookies Configuración de cookies Aceptar Centro de preferencia de la privacidad Cuando visita cualquier sitio web, el mismo podría obtener o guardar información en su navegador, generalmente mediante el uso de cookies. Esta información puede ser acerca de usted, sus preferencias o su dispositivo, y se usa principalmente para que el sitio funcione según lo esperado. Por lo general, la información no lo identifica directamente, pero puede proporcionarle una experiencia web más personalizada. Ya que respetamos su derecho a la privacidad, usted puede escoger no permitirnos usar ciertas cookies. Haga clic en los encabezados de cada categoría para saber más y cambiar nuestras configuraciones predeterminadas. Sin embargo, el bloqueo de algunos tipos de cookies puede afectar su experiencia en el sitio y los servicios que podemos ofrecer. Ver Política de Cookies Gestionar las preferencias de consentimiento Cookies estrictamente necesarias Activas siempre Estas cookies son necesarias para que el sitio web funcione y no se pueden desactivar en nuestros sistemas. Usualmente están configuradas para responder a acciones hechas por usted para recibir servicios, tales como ajustar sus preferencias de privacidad, iniciar sesión en el sitio, o llenar formularios. Usted puede configurar su navegador para bloquear o alertar la presencia de esas cookies, pero algunas partes del sitio web no funcionarán. Estas cookies no guardan ninguna información personal identificable. Cookies de rendimiento Estas cookies nos permiten contar las visitas y fuentes de circulación para poder medir y mejorar el desempeño de nuestro sitio. Nos ayudan a saber qué páginas son las más o menos populares, y ver cuántas personas visitan el sit",,,,,,unknown,
Política general sobre cookies,"Política general sobre cookies Al hacer clic en ""Aceptar"", usted acepta que las cookies se guarden en su dispositivo para mejorar la navegación del sitio, analizar el uso del mismo, y colaborar con nuestros estudios para marketing. También puede configurarlas. Políticas de Cookies Configuración de cookies Aceptar Centro de preferencia de la privacidad Cuando visita cualquier sitio web, el mismo podría obtener o guardar información en su navegador, generalmente mediante el uso de cookies. Esta información puede ser acerca de usted, sus preferencias o su dispositivo, y se usa principalmente para que el sitio funcione según lo esperado. Por lo general, la información no lo identifica directamente, pero puede proporcionarle una experiencia web más personalizada. Ya que respetamos su derecho a la privacidad, usted puede escoger no permitirnos usar ciertas cookies. Haga clic en los encabezados de cada categoría para saber más y cambiar nuestras configuraciones predeterminadas. Sin embargo, el bloqueo de algunos tipos de cookies puede afectar su experiencia en el sitio y los servicios que podemos ofrecer. Ver Política de Cookies Gestionar las preferencias de consentimiento Cookies estrictamente necesarias Activas siempre Estas cookies son necesarias para que el sitio web funcione y no se pueden desactivar en nuestros sistemas. Usualmente están configuradas para responder a acciones hechas por usted para recibir servicios, tales como ajustar sus preferencias de privacidad, iniciar sesión en el sitio, o llenar formularios. Usted puede configurar su navegador para bloquear o alertar la presencia de esas cookies, pero algunas partes del sitio web no funcionarán. Estas cookies no guardan ninguna información personal identificable. Cookies de rendimiento Estas cookies nos permiten contar las visitas y fuentes de circulación para poder medir y mejorar el desempeño de nuestro sitio. Nos ayudan a saber qué páginas son las más o menos populares, y ver cuántas personas visitan el sit",,,,,,unknown,
¡Lo mejor te está esperando!,"¡Lo mejor te está esperando! Descarga la app Departamentos Inicia sesión Ofertas de la semana Listas Alsuper Club Alsuper Alsuper card Estás en Alsuper Plus Leones 90 min Inicio > Despensa > Aceites > Aceite Vegetal Ave 850 Ml Detalles: Si lo que buscas es un aceite económico, práctico y rendidor, Ave en aerosol es tu mejor opción al momento de cocinar. Cocina con Ave y comprueba su calidad. - Antiadherente - Aceite vegetal de soya y canola, perfecto para to ... Ver más Aceite Vegetal Ave 850 ml $37.90 Súper Mix 2 x $65 - Ver más Agregar al carrito Favoritos Agregar a una lista Recomendados 2 x $55 $29.90 $36.90 Aceite Vegetal Mimarca 800 Ml 800 ML Agregar $39.90 $44.90 Aceite Vegetal 123 1 Lt 1 LT Agregar 2 x $65 $37.90 Aceite Vegetal Ave 850 Ml 850 ML Agregar $51.90 $55.90 Aceite Vegetal De Canola Capullo 84... 840 ML Agregar $69.90 Aceite Vegetal De Maíz Mazola 765 M... 765 ML Agregar $25.90 $29.90 Aceite Vegetal De Canola Capullo 40... 400 ML Agregar $36.90 $39.90 Aceite Vegetal Kartamus 900 Ml 900 ML Agregar $45.90 $48.90 Aceite Puro De Maiz 123 1 Litro 1 LT Agregar $51.90 Aceite Vegetal Comestible Aerosol A... 170 GR Agregar $59.90 $64.90 Aceite Vegetal De Cártamo Capullo 7... 750 ML Agregar $41.90 $45.90 Aceite Vegetal De Soya Y Canola Sab... 850 ML Agregar -21% $35.90 $44.90 Aceite Vegetal De Soya Capullo 750 ... 750 ML Agregar $84.90 Aceite Vegetal De Ajonjoli Y Soya ... 250 ML Agregar 2 x $80 $46.90 $49.90 Aceite De Soya Nutrioli 850 Ml 850 ML Agregar -29% $36.90 $51.90 Margarina Con Sal Iberia 400 G 400 GR Agregar $29.90 $32.90 Mantequilla Sin Sal La Gloria 90 G 90 GR Agregar $29.90 $32.90 Mantequilla Con Sal La Gloria 90 G 90 GR Agregar $49.90 $54.90 Manteca De Cerdo Morrell 454 G 454 GR Agregar $22.90 $24.90 Aceite De Soya Nutrioli 400 Ml 400 ML Agregar $114.90 $124.90 Mantequilla Sin Sal La Gloria 360 G 360 GR Agregar -24% $12.90 $16.90 Margarina Con Sal Iberia 90 G 90 GR Agregar $45.90 $49.90 Aceite De Soya Antigoteo Nutrioli 7... 700 ML Agregar $46.9",,3790,,,,unknown,
Política general sobre cookies,"Política general sobre cookies Al hacer clic en ""Aceptar"", usted acepta que las cookies se guarden en su dispositivo para mejorar la navegación del sitio, analizar el uso del mismo, y colaborar con nuestros estudios para marketing. También puede configurarlas. Políticas de Cookies Configuración de cookies Aceptar Centro de preferencia de la privacidad Cuando visita cualquier sitio web, el mismo podría obtener o guardar información en su navegador, generalmente mediante el uso de cookies. Esta información puede ser acerca de usted, sus preferencias o su dispositivo, y se usa principalmente para que el sitio funcione según lo esperado. Por lo general, la información no lo identifica directamente, pero puede proporcionarle una experiencia web más personalizada. Ya que respetamos su derecho a la privacidad, usted puede escoger no permitirnos usar ciertas cookies. Haga clic en los encabezados de cada categoría para saber más y cambiar nuestras configuraciones predeterminadas. Sin embargo, el bloqueo de algunos tipos de cookies puede afectar su experiencia en el sitio y los servicios que podemos ofrecer. Ver Política de Cookies Gestionar las preferencias de consentimiento Cookies estrictamente necesarias Activas siempre Estas cookies son necesarias para que el sitio web funcione y no se pueden desactivar en nuestros sistemas. Usualmente están configuradas para responder a acciones hechas por usted para recibir servicios, tales como ajustar sus preferencias de privacidad, iniciar sesión en el sitio, o llenar formularios. Usted puede configurar su navegador para bloquear o alertar la presencia de esas cookies, pero algunas partes del sitio web no funcionarán. Estas cookies no guardan ninguna información personal identificable. Cookies de rendimiento Estas cookies nos permiten contar las visitas y fuentes de circulación para poder medir y mejorar el desempeño de nuestro sitio. Nos ayudan a saber qué páginas son las más o menos populares, y ver cuántas personas visitan el sit",,,,,,unknown,
Política general sobre cookies,"Política general sobre cookies Al hacer clic en ""Aceptar"", usted acepta que las cookies se guarden en su dispositivo para mejorar la navegación del sitio, analizar el uso del mismo, y colaborar con nuestros estudios para marketing. También puede configurarlas. Políticas de Cookies Configuración de cookies Aceptar Centro de preferencia de la privacidad Cuando visita cualquier sitio web, el mismo podría obtener o guardar información en su navegador, generalmente mediante el uso de cookies. Esta información puede ser acerca de usted, sus preferencias o su dispositivo, y se usa principalmente para que el sitio funcione según lo esperado. Por lo general, la información no lo identifica directamente, pero puede proporcionarle una experiencia web más personalizada. Ya que respetamos su derecho a la privacidad, usted puede escoger no permitirnos usar ciertas cookies. Haga clic en los encabezados de cada categoría para saber más y cambiar nuestras configuraciones predeterminadas. Sin embargo, el bloqueo de algunos tipos de cookies puede afectar su experiencia en el sitio y los servicios que podemos ofrecer. Ver Política de Cookies Gestionar las preferencias de consentimiento Cookies estrictamente necesarias Activas siempre Estas cookies son necesarias para que el sitio web funcione y no se pueden desactivar en nuestros sistemas. Usualmente están configuradas para responder a acciones hechas por usted para recibir servicios, tales como ajustar sus preferencias de privacidad, iniciar sesión en el sitio, o llenar formularios. Usted puede configurar su navegador para bloquear o alertar la presencia de esas cookies, pero algunas partes del sitio web no funcionarán. Estas cookies no guardan ninguna información personal identificable. Cookies de rendimiento Estas cookies nos permiten contar las visitas y fuentes de circulación para poder medir y mejorar el desempeño de nuestro sitio. Nos ayudan a saber qué páginas son las más o menos populares, y ver cuántas personas visitan el sit",,,,,,unknown,
Política general sobre cookies,"Política general sobre cookies Al hacer clic en ""Aceptar"", usted acepta que las cookies se guarden en su dispositivo para mejorar la navegación del sitio, analizar el uso del mismo, y colaborar con nuestros estudios para marketing. También puede configurarlas. Políticas de Cookies Configuración de cookies Aceptar Centro de preferencia de la privacidad Cuando visita cualquier sitio web, el mismo podría obtener o guardar información en su navegador, generalmente mediante el uso de cookies. Esta información puede ser acerca de usted, sus preferencias o su dispositivo, y se usa principalmente para que el sitio funcione según lo esperado. Por lo general, la información no lo identifica directamente, pero puede proporcionarle una experiencia web más personalizada. Ya que respetamos su derecho a la privacidad, usted puede escoger no permitirnos usar ciertas cookies. Haga clic en los encabezados de cada categoría para saber más y cambiar nuestras configuraciones predeterminadas. Sin embargo, el bloqueo de algunos tipos de cookies puede afectar su experiencia en el sitio y los servicios que podemos ofrecer. Ver Política de Cookies Gestionar las preferencias de consentimiento Cookies estrictamente necesarias Activas siempre Estas cookies son necesarias para que el sitio web funcione y no se pueden desactivar en nuestros sistemas. Usualmente están configuradas para responder a acciones hechas por usted para recibir servicios, tales como ajustar sus preferencias de privacidad, iniciar sesión en el sitio, o llenar formularios. Usted puede configurar su navegador para bloquear o alertar la presencia de esas cookies, pero algunas partes del sitio web no funcionarán. Estas cookies no guardan ninguna información personal identificable. Cookies de rendimiento Estas cookies nos permiten contar las visitas y fuentes de circulación para poder medir y mejorar el desempeño de nuestro sitio. Nos ayudan a saber qué páginas son las más o menos populares, y ver cuántas personas visitan el sit",,,,,,unknown,
Política general sobre cookies,"Política general sobre cookies Al hacer clic en ""Aceptar"", usted acepta que las cookies se guarden en su dispositivo para mejorar la navegación del sitio, analizar el uso del mismo, y colaborar con nuestros estudios para marketing. También puede configurarlas. Políticas de Cookies Configuración de cookies Aceptar Centro de preferencia de la privacidad Cuando visita cualquier sitio web, el mismo podría obtener o guardar información en su navegador, generalmente mediante el uso de cookies. Esta información puede ser acerca de usted, sus preferencias o su dispositivo, y se usa principalmente para que el sitio funcione según lo esperado. Por lo general, la información no lo identifica directamente, pero puede proporcionarle una experiencia web más personalizada. Ya que respetamos su derecho a la privacidad, usted puede escoger no permitirnos usar ciertas cookies. Haga clic en los encabezados de cada categoría para saber más y cambiar nuestras configuraciones predeterminadas. Sin embargo, el bloqueo de algunos tipos de cookies puede afectar su experiencia en el sitio y los servicios que podemos ofrecer. Ver Política de Cookies Gestionar las preferencias de consentimiento Cookies estrictamente necesarias Activas siempre Estas cookies son necesarias para que el sitio web funcione y no se pueden desactivar en nuestros sistemas. Usualmente están configuradas para responder a acciones hechas por usted para recibir servicios, tales como ajustar sus preferencias de privacidad, iniciar sesión en el sitio, o llenar formularios. Usted puede configurar su navegador para bloquear o alertar la presencia de esas cookies, pero algunas partes del sitio web no funcionarán. Estas cookies no guardan ninguna información personal identificable. Cookies de rendimiento Estas cookies nos permiten contar las visitas y fuentes de circulación para poder medir y mejorar el desempeño de nuestro sitio. Nos ayudan a saber qué páginas son las más o menos populares, y ver cuántas personas visitan el sit",,,,,,unknown,
Política general sobre cookies,"Política general sobre cookies Al hacer clic en ""Aceptar"", usted acepta que las cookies se guarden en su dispositivo para mejorar la navegación del sitio, analizar el uso del mismo, y colaborar con nuestros estudios para marketing. También puede configurarlas. Políticas de Cookies Configuración de cookies Aceptar Centro de preferencia de la privacidad Cuando visita cualquier sitio web, el mismo podría obtener o guardar información en su navegador, generalmente mediante el uso de cookies. Esta información puede ser acerca de usted, sus preferencias o su dispositivo, y se usa principalmente para que el sitio funcione según lo esperado. Por lo general, la información no lo identifica directamente, pero puede proporcionarle una experiencia web más personalizada. Ya que respetamos su derecho a la privacidad, usted puede escoger no permitirnos usar ciertas cookies. Haga clic en los encabezados de cada categoría para saber más y cambiar nuestras configuraciones predeterminadas. Sin embargo, el bloqueo de algunos tipos de cookies puede afectar su experiencia en el sitio y los servicios que podemos ofrecer. Ver Política de Cookies Gestionar las preferencias de consentimiento Cookies estrictamente necesarias Activas siempre Estas cookies son necesarias para que el sitio web funcione y no se pueden desactivar en nuestros sistemas. Usualmente están configuradas para responder a acciones hechas por usted para recibir servicios, tales como ajustar sus preferencias de privacidad, iniciar sesión en el sitio, o llenar formularios. Usted puede configurar su navegador para bloquear o alertar la presencia de esas cookies, pero algunas partes del sitio web no funcionarán. Estas cookies no guardan ninguna información personal identificable. Cookies de rendimiento Estas cookies nos permiten contar las visitas y fuentes de circulación para poder medir y mejorar el desempeño de nuestro sitio. Nos ayudan a saber qué páginas son las más o menos populares, y ver cuántas personas visitan el sit",,,,,,unknown,
Política general sobre cookies,"Política general sobre cookies Al hacer clic en ""Aceptar"", usted acepta que las cookies se guarden en su dispositivo para mejorar la navegación del sitio, analizar el uso del mismo, y colaborar con nuestros estudios para marketing. También puede configurarlas. Políticas de Cookies Configuración de cookies Aceptar Centro de preferencia de la privacidad Cuando visita cualquier sitio web, el mismo podría obtener o guardar información en su navegador, generalmente mediante el uso de cookies. Esta información puede ser acerca de usted, sus preferencias o su dispositivo, y se usa principalmente para que el sitio funcione según lo esperado. Por lo general, la información no lo identifica directamente, pero puede proporcionarle una experiencia web más personalizada. Ya que respetamos su derecho a la privacidad, usted puede escoger no permitirnos usar ciertas cookies. Haga clic en los encabezados de cada categoría para saber más y cambiar nuestras configuraciones predeterminadas. Sin embargo, el bloqueo de algunos tipos de cookies puede afectar su experiencia en el sitio y los servicios que podemos ofrecer. Ver Política de Cookies Gestionar las preferencias de consentimiento Cookies estrictamente necesarias Activas siempre Estas cookies son necesarias para que el sitio web funcione y no se pueden desactivar en nuestros sistemas. Usualmente están configuradas para responder a acciones hechas por usted para recibir servicios, tales como ajustar sus preferencias de privacidad, iniciar sesión en el sitio, o llenar formularios. Usted puede configurar su navegador para bloquear o alertar la presencia de esas cookies, pero algunas partes del sitio web no funcionarán. Estas cookies no guardan ninguna información personal identificable. Cookies de rendimiento Estas cookies nos permiten contar las visitas y fuentes de circulación para poder medir y mejorar el desempeño de nuestro sitio. Nos ayudan a saber qué páginas son las más o menos populares, y ver cuántas personas visitan el sit",,,,,,unknown,
Política general sobre cookies,"Política general sobre cookies Al hacer clic en ""Aceptar"", usted acepta que las cookies se guarden en su dispositivo para mejorar la navegación del sitio, analizar el uso del mismo, y colaborar con nuestros estudios para marketing. También puede configurarlas. Políticas de Cookies Configuración de cookies Aceptar Centro de preferencia de la privacidad Cuando visita cualquier sitio web, el mismo podría obtener o guardar información en su navegador, generalmente mediante el uso de cookies. Esta información puede ser acerca de usted, sus preferencias o su dispositivo, y se usa principalmente para que el sitio funcione según lo esperado. Por lo general, la información no lo identifica directamente, pero puede proporcionarle una experiencia web más personalizada. Ya que respetamos su derecho a la privacidad, usted puede escoger no permitirnos usar ciertas cookies. Haga clic en los encabezados de cada categoría para saber más y cambiar nuestras configuraciones predeterminadas. Sin embargo, el bloqueo de algunos tipos de cookies puede afectar su experiencia en el sitio y los servicios que podemos ofrecer. Ver Política de Cookies Gestionar las preferencias de consentimiento Cookies estrictamente necesarias Activas siempre Estas cookies son necesarias para que el sitio web funcione y no se pueden desactivar en nuestros sistemas. Usualmente están configuradas para responder a acciones hechas por usted para recibir servicios, tales como ajustar sus preferencias de privacidad, iniciar sesión en el sitio, o llenar formularios. Usted puede configurar su navegador para bloquear o alertar la presencia de esas cookies, pero algunas partes del sitio web no funcionarán. Estas cookies no guardan ninguna información personal identificable. Cookies de rendimiento Estas cookies nos permiten contar las visitas y fuentes de circulación para poder medir y mejorar el desempeño de nuestro sitio. Nos ayudan a saber qué páginas son las más o menos populares, y ver cuántas personas visitan el sit",,,,,,unknown,
Política general sobre cookies,"Política general sobre cookies Al hacer clic en ""Aceptar"", usted acepta que las cookies se guarden en su dispositivo para mejorar la navegación del sitio, analizar el uso del mismo, y colaborar con nuestros estudios para marketing. También puede configurarlas. Políticas de Cookies Configuración de cookies Aceptar Centro de preferencia de la privacidad Cuando visita cualquier sitio web, el mismo podría obtener o guardar información en su navegador, generalmente mediante el uso de cookies. Esta información puede ser acerca de usted, sus preferencias o su dispositivo, y se usa principalmente para que el sitio funcione según lo esperado. Por lo general, la información no lo identifica directamente, pero puede proporcionarle una experiencia web más personalizada. Ya que respetamos su derecho a la privacidad, usted puede escoger no permitirnos usar ciertas cookies. Haga clic en los encabezados de cada categoría para saber más y cambiar nuestras configuraciones predeterminadas. Sin embargo, el bloqueo de algunos tipos de cookies puede afectar su experiencia en el sitio y los servicios que podemos ofrecer. Ver Política de Cookies Gestionar las preferencias de consentimiento Cookies estrictamente necesarias Activas siempre Estas cookies son necesarias para que el sitio web funcione y no se pueden desactivar en nuestros sistemas. Usualmente están configuradas para responder a acciones hechas por usted para recibir servicios, tales como ajustar sus preferencias de privacidad, iniciar sesión en el sitio, o llenar formularios. Usted puede configurar su navegador para bloquear o alertar la presencia de esas cookies, pero algunas partes del sitio web no funcionarán. Estas cookies no guardan ninguna información personal identificable. Cookies de rendimiento Estas cookies nos permiten contar las visitas y fuentes de circulación para poder medir y mejorar el desempeño de nuestro sitio. Nos ayudan a saber qué páginas son las más o menos populares, y ver cuántas personas visitan el sit",,,,,,unknown,
Política general sobre cookies,"Política general sobre cookies Al hacer clic en ""Aceptar"", usted acepta que las cookies se guarden en su dispositivo para mejorar la navegación del sitio, analizar el uso del mismo, y colaborar con nuestros estudios para marketing. También puede configurarlas. Políticas de Cookies Configuración de cookies Aceptar Centro de preferencia de la privacidad Cuando visita cualquier sitio web, el mismo podría obtener o guardar información en su navegador, generalmente mediante el uso de cookies. Esta información puede ser acerca de usted, sus preferencias o su dispositivo, y se usa principalmente para que el sitio funcione según lo esperado. Por lo general, la información no lo identifica directamente, pero puede proporcionarle una experiencia web más personalizada. Ya que respetamos su derecho a la privacidad, usted puede escoger no permitirnos usar ciertas cookies. Haga clic en los encabezados de cada categoría para saber más y cambiar nuestras configuraciones predeterminadas. Sin embargo, el bloqueo de algunos tipos de cookies puede afectar su experiencia en el sitio y los servicios que podemos ofrecer. Ver Política de Cookies Gestionar las preferencias de consentimiento Cookies estrictamente necesarias Activas siempre Estas cookies son necesarias para que el sitio web funcione y no se pueden desactivar en nuestros sistemas. Usualmente están configuradas para responder a acciones hechas por usted para recibir servicios, tales como ajustar sus preferencias de privacidad, iniciar sesión en el sitio, o llenar formularios. Usted puede configurar su navegador para bloquear o alertar la presencia de esas cookies, pero algunas partes del sitio web no funcionarán. Estas cookies no guardan ninguna información personal identificable. Cookies de rendimiento Estas cookies nos permiten contar las visitas y fuentes de circulación para poder medir y mejorar el desempeño de nuestro sitio. Nos ayudan a saber qué páginas son las más o menos populares, y ver cuántas personas visitan el sit",,,,,,unknown,
No se puede acceder a este sitio,No se puede acceder a este sitio Es posible que la página web en https://www.vivanda.com.pe/spaghetti-don-vittorio-paquete-950g/p no funcione temporalmente o se haya trasladado de manera permanente a una nueva dirección web. ERR_FAILED Es posible que la página web en https://www.vivanda.com.pe/spaghetti-don-vittorio-paquete-950g/p no funcione temporalmente o se haya trasladado de manera permanente a una nueva dirección web.,,,,,,unknown,
¡Lo mejor te está esperando!,¡Lo mejor te está esperando! Descarga la app Departamentos Inicia sesión Ofertas de la semana Listas Alsuper Club Alsuper Alsuper card Estás en Alsuper Plus Leones 90 min Cargando...,,,,,,unknown,
Política general sobre cookies,"Política general sobre cookies Al hacer clic en ""Aceptar"", usted acepta que las cookies se guarden en su dispositivo para mejorar la navegación del sitio, analizar el uso del mismo, y colaborar con nuestros estudios para marketing. También puede configurarlas. Políticas de Cookies Configuración de cookies Aceptar Centro de preferencia de la privacidad Cuando visita cualquier sitio web, el mismo podría obtener o guardar información en su navegador, generalmente mediante el uso de cookies. Esta información puede ser acerca de usted, sus preferencias o su dispositivo, y se usa principalmente para que el sitio funcione según lo esperado. Por lo general, la información no lo identifica directamente, pero puede proporcionarle una experiencia web más personalizada. Ya que respetamos su derecho a la privacidad, usted puede escoger no permitirnos usar ciertas cookies. Haga clic en los encabezados de cada categoría para saber más y cambiar nuestras configuraciones predeterminadas. Sin embargo, el bloqueo de algunos tipos de cookies puede afectar su experiencia en el sitio y los servicios que podemos ofrecer. Ver Política de Cookies Gestionar las preferencias de consentimiento Cookies estrictamente necesarias Activas siempre Estas cookies son necesarias para que el sitio web funcione y no se pueden desactivar en nuestros sistemas. Usualmente están configuradas para responder a acciones hechas por usted para recibir servicios, tales como ajustar sus preferencias de privacidad, iniciar sesión en el sitio, o llenar formularios. Usted puede configurar su navegador para bloquear o alertar la presencia de esas cookies, pero algunas partes del sitio web no funcionarán. Estas cookies no guardan ninguna información personal identificable. Cookies de rendimiento Estas cookies nos permiten contar las visitas y fuentes de circulación para poder medir y mejorar el desempeño de nuestro sitio. Nos ayudan a saber qué páginas son las más o menos populares, y ver cuántas personas visitan el sit",,,,,,unknown,
Política general sobre cookies,"Política general sobre cookies Al hacer clic en ""Aceptar"", usted acepta que las cookies se guarden en su dispositivo para mejorar la navegación del sitio, analizar el uso del mismo, y colaborar con nuestros estudios para marketing. También puede configurarlas. Políticas de Cookies Configuración de cookies Aceptar Centro de preferencia de la privacidad Cuando visita cualquier sitio web, el mismo podría obtener o guardar información en su navegador, generalmente mediante el uso de cookies. Esta información puede ser acerca de usted, sus preferencias o su dispositivo, y se usa principalmente para que el sitio funcione según lo esperado. Por lo general, la información no lo identifica directamente, pero puede proporcionarle una experiencia web más personalizada. Ya que respetamos su derecho a la privacidad, usted puede escoger no permitirnos usar ciertas cookies. Haga clic en los encabezados de cada categoría para saber más y cambiar nuestras configuraciones predeterminadas. Sin embargo, el bloqueo de algunos tipos de cookies puede afectar su experiencia en el sitio y los servicios que podemos ofrecer. Ver Política de Cookies Gestionar las preferencias de consentimiento Cookies estrictamente necesarias Activas siempre Estas cookies son necesarias para que el sitio web funcione y no se pueden desactivar en nuestros sistemas. Usualmente están configuradas para responder a acciones hechas por usted para recibir servicios, tales como ajustar sus preferencias de privacidad, iniciar sesión en el sitio, o llenar formularios. Usted puede configurar su navegador para bloquear o alertar la presencia de esas cookies, pero algunas partes del sitio web no funcionarán. Estas cookies no guardan ninguna información personal identificable. Cookies de rendimiento Estas cookies nos permiten contar las visitas y fuentes de circulación para poder medir y mejorar el desempeño de nuestro sitio. Nos ayudan a saber qué páginas son las más o menos populares, y ver cuántas personas visitan el sit",,,,,,unknown,
Política general sobre cookies,"Política general sobre cookies Al hacer clic en ""Aceptar"", usted acepta que las cookies se guarden en su dispositivo para mejorar la navegación del sitio, analizar el uso del mismo, y colaborar con nuestros estudios para marketing. También puede configurarlas. Políticas de Cookies Configuración de cookies Aceptar Centro de preferencia de la privacidad Cuando visita cualquier sitio web, el mismo podría obtener o guardar información en su navegador, generalmente mediante el uso de cookies. Esta información puede ser acerca de usted, sus preferencias o su dispositivo, y se usa principalmente para que el sitio funcione según lo esperado. Por lo general, la información no lo identifica directamente, pero puede proporcionarle una experiencia web más personalizada. Ya que respetamos su derecho a la privacidad, usted puede escoger no permitirnos usar ciertas cookies. Haga clic en los encabezados de cada categoría para saber más y cambiar nuestras configuraciones predeterminadas. Sin embargo, el bloqueo de algunos tipos de cookies puede afectar su experiencia en el sitio y los servicios que podemos ofrecer. Ver Política de Cookies Gestionar las preferencias de consentimiento Cookies estrictamente necesarias Activas siempre Estas cookies son necesarias para que el sitio web funcione y no se pueden desactivar en nuestros sistemas. Usualmente están configuradas para responder a acciones hechas por usted para recibir servicios, tales como ajustar sus preferencias de privacidad, iniciar sesión en el sitio, o llenar formularios. Usted puede configurar su navegador para bloquear o alertar la presencia de esas cookies, pero algunas partes del sitio web no funcionarán. Estas cookies no guardan ninguna información personal identificable. Cookies de rendimiento Estas cookies nos permiten contar las visitas y fuentes de circulación para poder medir y mejorar el desempeño de nuestro sitio. Nos ayudan a saber qué páginas son las más o menos populares, y ver cuántas personas visitan el sit",,,,,,unknown,
Política general sobre cookies,"Política general sobre cookies Al hacer clic en ""Aceptar"", usted acepta que las cookies se guarden en su dispositivo para mejorar la navegación del sitio, analizar el uso del mismo, y colaborar con nuestros estudios para marketing. También puede configurarlas. Políticas de Cookies Configuración de cookies Aceptar Centro de preferencia de la privacidad Cuando visita cualquier sitio web, el mismo podría obtener o guardar información en su navegador, generalmente mediante el uso de cookies. Esta información puede ser acerca de usted, sus preferencias o su dispositivo, y se usa principalmente para que el sitio funcione según lo esperado. Por lo general, la información no lo identifica directamente, pero puede proporcionarle una experiencia web más personalizada. Ya que respetamos su derecho a la privacidad, usted puede escoger no permitirnos usar ciertas cookies. Haga clic en los encabezados de cada categoría para saber más y cambiar nuestras configuraciones predeterminadas. Sin embargo, el bloqueo de algunos tipos de cookies puede afectar su experiencia en el sitio y los servicios que podemos ofrecer. Ver Política de Cookies Gestionar las preferencias de consentimiento Cookies estrictamente necesarias Activas siempre Estas cookies son necesarias para que el sitio web funcione y no se pueden desactivar en nuestros sistemas. Usualmente están configuradas para responder a acciones hechas por usted para recibir servicios, tales como ajustar sus preferencias de privacidad, iniciar sesión en el sitio, o llenar formularios. Usted puede configurar su navegador para bloquear o alertar la presencia de esas cookies, pero algunas partes del sitio web no funcionarán. Estas cookies no guardan ninguna información personal identificable. Cookies de rendimiento Estas cookies nos permiten contar las visitas y fuentes de circulación para poder medir y mejorar el desempeño de nuestro sitio. Nos ayudan a saber qué páginas son las más o menos populares, y ver cuántas personas visitan el sit",,,,,,unknown,
Política general sobre cookies,"Política general sobre cookies Al hacer clic en ""Aceptar"", usted acepta que las cookies se guarden en su dispositivo para mejorar la navegación del sitio, analizar el uso del mismo, y colaborar con nuestros estudios para marketing. También puede configurarlas. Políticas de Cookies Configuración de cookies Aceptar Centro de preferencia de la privacidad Cuando visita cualquier sitio web, el mismo podría obtener o guardar información en su navegador, generalmente mediante el uso de cookies. Esta información puede ser acerca de usted, sus preferencias o su dispositivo, y se usa principalmente para que el sitio funcione según lo esperado. Por lo general, la información no lo identifica directamente, pero puede proporcionarle una experiencia web más personalizada. Ya que respetamos su derecho a la privacidad, usted puede escoger no permitirnos usar ciertas cookies. Haga clic en los encabezados de cada categoría para saber más y cambiar nuestras configuraciones predeterminadas. Sin embargo, el bloqueo de algunos tipos de cookies puede afectar su experiencia en el sitio y los servicios que podemos ofrecer. Ver Política de Cookies Gestionar las preferencias de consentimiento Cookies estrictamente necesarias Activas siempre Estas cookies son necesarias para que el sitio web funcione y no se pueden desactivar en nuestros sistemas. Usualmente están configuradas para responder a acciones hechas por usted para recibir servicios, tales como ajustar sus preferencias de privacidad, iniciar sesión en el sitio, o llenar formularios. Usted puede configurar su navegador para bloquear o alertar la presencia de esas cookies, pero algunas partes del sitio web no funcionarán. Estas cookies no guardan ninguna información personal identificable. Cookies de rendimiento Estas cookies nos permiten contar las visitas y fuentes de circulación para poder medir y mejorar el desempeño de nuestro sitio. Nos ayudan a saber qué páginas son las más o menos populares, y ver cuántas personas visitan el sit",,,,,,unknown,
Política general sobre cookies,"Política general sobre cookies Al hacer clic en ""Aceptar"", usted acepta que las cookies se guarden en su dispositivo para mejorar la navegación del sitio, analizar el uso del mismo, y colaborar con nuestros estudios para marketing. También puede configurarlas. Políticas de Cookies Configuración de cookies Aceptar Centro de preferencia de la privacidad Cuando visita cualquier sitio web, el mismo podría obtener o guardar información en su navegador, generalmente mediante el uso de cookies. Esta información puede ser acerca de usted, sus preferencias o su dispositivo, y se usa principalmente para que el sitio funcione según lo esperado. Por lo general, la información no lo identifica directamente, pero puede proporcionarle una experiencia web más personalizada. Ya que respetamos su derecho a la privacidad, usted puede escoger no permitirnos usar ciertas cookies. Haga clic en los encabezados de cada categoría para saber más y cambiar nuestras configuraciones predeterminadas. Sin embargo, el bloqueo de algunos tipos de cookies puede afectar su experiencia en el sitio y los servicios que podemos ofrecer. Ver Política de Cookies Gestionar las preferencias de consentimiento Cookies estrictamente necesarias Activas siempre Estas cookies son necesarias para que el sitio web funcione y no se pueden desactivar en nuestros sistemas. Usualmente están configuradas para responder a acciones hechas por usted para recibir servicios, tales como ajustar sus preferencias de privacidad, iniciar sesión en el sitio, o llenar formularios. Usted puede configurar su navegador para bloquear o alertar la presencia de esas cookies, pero algunas partes del sitio web no funcionarán. Estas cookies no guardan ninguna información personal identificable. Cookies de rendimiento Estas cookies nos permiten contar las visitas y fuentes de circulación para poder medir y mejorar el desempeño de nuestro sitio. Nos ayudan a saber qué páginas son las más o menos populares, y ver cuántas personas visitan el sit",,,,,,unknown,
Política general sobre cookies,"Política general sobre cookies Al hacer clic en ""Aceptar"", usted acepta que las cookies se guarden en su dispositivo para mejorar la navegación del sitio, analizar el uso del mismo, y colaborar con nuestros estudios para marketing. También puede configurarlas. Políticas de Cookies Configuración de cookies Aceptar Centro de preferencia de la privacidad Cuando visita cualquier sitio web, el mismo podría obtener o guardar información en su navegador, generalmente mediante el uso de cookies. Esta información puede ser acerca de usted, sus preferencias o su dispositivo, y se usa principalmente para que el sitio funcione según lo esperado. Por lo general, la información no lo identifica directamente, pero puede proporcionarle una experiencia web más personalizada. Ya que respetamos su derecho a la privacidad, usted puede escoger no permitirnos usar ciertas cookies. Haga clic en los encabezados de cada categoría para saber más y cambiar nuestras configuraciones predeterminadas. Sin embargo, el bloqueo de algunos tipos de cookies puede afectar su experiencia en el sitio y los servicios que podemos ofrecer. Ver Política de Cookies Gestionar las preferencias de consentimiento Cookies estrictamente necesarias Activas siempre Estas cookies son necesarias para que el sitio web funcione y no se pueden desactivar en nuestros sistemas. Usualmente están configuradas para responder a acciones hechas por usted para recibir servicios, tales como ajustar sus preferencias de privacidad, iniciar sesión en el sitio, o llenar formularios. Usted puede configurar su navegador para bloquear o alertar la presencia de esas cookies, pero algunas partes del sitio web no funcionarán. Estas cookies no guardan ninguna información personal identificable. Cookies de rendimiento Estas cookies nos permiten contar las visitas y fuentes de circulación para poder medir y mejorar el desempeño de nuestro sitio. Nos ayudan a saber qué páginas son las más o menos populares, y ver cuántas personas visitan el sit",,,,,,unknown,
Política general sobre cookies,"Política general sobre cookies Al hacer clic en ""Aceptar"", usted acepta que las cookies se guarden en su dispositivo para mejorar la navegación del sitio, analizar el uso del mismo, y colaborar con nuestros estudios para marketing. También puede configurarlas. Políticas de Cookies Configuración de cookies Aceptar Centro de preferencia de la privacidad Cuando visita cualquier sitio web, el mismo podría obtener o guardar información en su navegador, generalmente mediante el uso de cookies. Esta información puede ser acerca de usted, sus preferencias o su dispositivo, y se usa principalmente para que el sitio funcione según lo esperado. Por lo general, la información no lo identifica directamente, pero puede proporcionarle una experiencia web más personalizada. Ya que respetamos su derecho a la privacidad, usted puede escoger no permitirnos usar ciertas cookies. Haga clic en los encabezados de cada categoría para saber más y cambiar nuestras configuraciones predeterminadas. Sin embargo, el bloqueo de algunos tipos de cookies puede afectar su experiencia en el sitio y los servicios que podemos ofrecer. Ver Política de Cookies Gestionar las preferencias de consentimiento Cookies estrictamente necesarias Activas siempre Estas cookies son necesarias para que el sitio web funcione y no se pueden desactivar en nuestros sistemas. Usualmente están configuradas para responder a acciones hechas por usted para recibir servicios, tales como ajustar sus preferencias de privacidad, iniciar sesión en el sitio, o llenar formularios. Usted puede configurar su navegador para bloquear o alertar la presencia de esas cookies, pero algunas partes del sitio web no funcionarán. Estas cookies no guardan ninguna información personal identificable. Cookies de rendimiento Estas cookies nos permiten contar las visitas y fuentes de circulación para poder medir y mejorar el desempeño de nuestro sitio. Nos ayudan a saber qué páginas son las más o menos populares, y ver cuántas personas visitan el sit",,,,,,unknown,
Política general sobre cookies,"Política general sobre cookies Al hacer clic en ""Aceptar"", usted acepta que las cookies se guarden en su dispositivo para mejorar la navegación del sitio, analizar el uso del mismo, y colaborar con nuestros estudios para marketing. También puede configurarlas. Políticas de Cookies Configuración de cookies Aceptar Centro de preferencia de la privacidad Cuando visita cualquier sitio web, el mismo podría obtener o guardar información en su navegador, generalmente mediante el uso de cookies. Esta información puede ser acerca de usted, sus preferencias o su dispositivo, y se usa principalmente para que el sitio funcione según lo esperado. Por lo general, la información no lo identifica directamente, pero puede proporcionarle una experiencia web más personalizada. Ya que respetamos su derecho a la privacidad, usted puede escoger no permitirnos usar ciertas cookies. Haga clic en los encabezados de cada categoría para saber más y cambiar nuestras configuraciones predeterminadas. Sin embargo, el bloqueo de algunos tipos de cookies puede afectar su experiencia en el sitio y los servicios que podemos ofrecer. Ver Política de Cookies Gestionar las preferencias de consentimiento Cookies estrictamente necesarias Activas siempre Estas cookies son necesarias para que el sitio web funcione y no se pueden desactivar en nuestros sistemas. Usualmente están configuradas para responder a acciones hechas por usted para recibir servicios, tales como ajustar sus preferencias de privacidad, iniciar sesión en el sitio, o llenar formularios. Usted puede configurar su navegador para bloquear o alertar la presencia de esas cookies, pero algunas partes del sitio web no funcionarán. Estas cookies no guardan ninguna información personal identificable. Cookies de rendimiento Estas cookies nos permiten contar las visitas y fuentes de circulación para poder medir y mejorar el desempeño de nuestro sitio. Nos ayudan a saber qué páginas son las más o menos populares, y ver cuántas personas visitan el sit",,,,,,unknown,
Aguarde...,"Aguarde... Seja Bem Vindo à Plaza Vea ¿Ya está registrado? Abarrotes Arroz Arroz Superior Arroz Superior FARAON | SKU: 20349945 Arroz Superior FARAÓN Rojo Bolsa 10Kg Arroz Superior FARAON | SKU: 20349945 Arroz Superior FARAÓN Rojo Bolsa 10Kg Delivery Express Envío gratis Delivery Express 5un = 1Kg(aprox) | Este producto solo está disponible para “DELIVERY EXPRESS” , te llegará entre 60 a 90 min. Amplía la línea de crédito de tu tarjeta Precio x kg Precio Regular s/ 4 .99 Precio Online s/ 43 .70 -42% Tarjeta s/ 4 .99 Dcto. exclusivo -62% A partir de: 1 un S/43 .70 Compra en cuotas, sin intereses con Tarjeta Oh! A partir de s/1999 en electro, colchones y deportes * Válido de 6 a 36 cuotas del 5 al 9 de julio. ¡Pide tu Tarjeta Oh! Calcula tus cuotas Elige el número de cuotas Sin cuotas 2 cuotas 3 cuotas 4 cuotas 5 cuotas 6 cuotas 7 cuotas 8 cuotas 9 cuotas 10 cuotas 11 cuotas 12 cuotas 13 cuotas 14 cuotas 15 cuotas 16 cuotas 17 cuotas 18 cuotas 19 cuotas 20 cuotas 21 cuotas 22 cuotas 23 cuotas 24 cuotas 25 cuotas 26 cuotas 27 cuotas 28 cuotas 29 cuotas 30 cuotas 31 cuotas 32 cuotas 33 cuotas 34 cuotas 35 cuotas 36 cuotas Pago mensual Solicita tu Tarjeta Oh! *El valor de la cuota podría variar en función a la fecha de facturación y pago del cliente. 20+ unidades disponibles PRODUCTO AGOTADO Elige la opción que deseas: - Adicionar Súper Garantía Sin Proteccion adicional *El costo de la garantía se aplica sobre el precio unitario. ¿Qué debemos considerar al comprar este producto? Puedes agregar una nota Agregar comentario Nota agregada 0.2kg S/ 16.92 - Cancelar + Aceptar PRODUCTO AGOTADO Agregar 20 + unidades disponibles Comprar Produto Esgotado Producto agotado Avíseme cuando el producto esté disponible Carregando... Cadastrado com sucesso, assim que o produto for disponibilizado você receberá um email avisando. Vendido y despachado por: Makro Términos y condiciones Tipo de entrega disponible: Delivery programado Ver más distritos Vea al auto Ver tiendas Métodos de pago:",,1692,,,,unknown,
Ingresar,"Ingresar Supermercado Lacteos y huevo Leche Leche Alpura Selecta Entera 1L Alpura Cargando comentarios… Leche Alpura Selecta Entera 1L Leche Alpura Selecta Entera 1L Referencia : 3019413 Información Como resultado de años de experiencia y pasión por la leche, nace Selecta, la leche Premium de alpura. Su cremosidad y consistencia se disfrutan a la perfección, sin importar si se toma sola o acompañada. Selecta, para los que saben. Las imágenes del producto son únicamente de referencia, el diseño de etiquetas y el contenido (ml, L, Kg, g, piezas, etc) pueden cambiar y/o variar sin previo aviso. Mostrar más Comparte Vendido y entregado por: Chedraui Descripción Especificaciones Selecta de alpura es el resultado de nuestra experiencia y pasión por la leche. Calidad que se distingue por su delicioso sabor, cremosidad y consistencia. Productos relacionados Leche Alpura Lac Del Entera 1 L Alpura $0.00 1 pieza de 1 L Combo Cantidad Máxima Equivale a ≈1 pza 3x2 Leche Alpura Clásica 200ml Alpura $0.00 1 pieza de 200ml Combo Cantidad Máxima Equivale a ≈1 pza 3x2 Leche Alpura Clásica 4 Piezas de 1L c/u Alpura $0.00 4 piezas de 1L c/u Combo Cantidad Máxima Equivale a ≈1 pza 3x2 Leche Alpura Entera Ultra Pasteurizada 1L Alpura $0.00 1 pieza de 1L Combo Cantidad Máxima Equivale a ≈1 pza 3x2 Leche Alpura Clásica Pasteurizada Medio Galón 1.89L Alpura $0.00 1 pieza con 1.89L Combo Cantidad Máxima Equivale a ≈1 pza 3x2 Leche Alpura Selecta Deslactosada 1L Alpura $0.00 1 pieza de 1L Combo Cantidad Máxima Equivale a ≈1 pza 3x2 Leche Alpura Clásica Pasteurizada Galón 3.78 L Alpura $0.00 1 pieza con 3.78L Combo Cantidad Máxima Equivale a ≈1 pza 3x2 Leche Muy Buena Entera 1L Muy Buena $0.00 1 pz de 1L Combo Cantidad Máxima Equivale a ≈1 pza 3x2 Leche Alpura Entera Ultra pasteurizada 1.5L Alpura $0.00 1 pieza de 1.5L Combo Cantidad Máxima Equivale a ≈1 pza 3x2 Leche Bové Entera Organica 1L Bové $0.00 1 pieza de 1L Combo Cantidad Máxima Equivale a ≈1 pza 3x2 Leche Lala Entera Deslactosada UHT",,000,,,,unknown,
¡Lo mejor te está esperando!,"¡Lo mejor te está esperando! Descarga la app Departamentos Inicia sesión Ofertas de la semana Listas Alsuper Club Alsuper Alsuper card Estás en Alsuper Plus Leones 90 min Inicio > Lácteos Y Huevo > Leche > Leche Entera Uht Mybrand 1 Lt Detalles: La Leche Entera UHT MyBrand de 1 litro es la elección perfecta para una alimentación saludable y equilibrada. Con su sabor delicioso y su textura cremosa, esta leche es ideal para toda la familia. Además, su práctico envase g ... Ver más Leche Entera Uht Mybrand 1 Lt $27.90 Súper Mix 4 x $100 - Ver más Agregar al carrito Favoritos Agregar a una lista Recomendados -24% $45.90 $59.90 Leche Entera Lala 1.8 Lt 1.8 LT Agregar 2 x $65 $37.90 Leche Entera Uht Lala 1 Lt 1 LT Agregar 4 x $100 $27.90 Leche Entera Uht Mybrand 1 Lt 1 LT Agregar $169.90 $209.90 Leche Entera Uht Lala 6 Lt 6 LT Agregar 2 x $65 $37.90 Leche Entera Deslactosada Lala ... 1 LT Agregar 2 x $55 $32.90 Leche Entera Uht La Nacional 1 ... 1 LT Agregar $47.90 Leche Entera Uht Organica Lala 960 ... 960 ML Agregar $47.90 Leche Uht Deslactosada Organica La... 960 ML Agregar $34.90 Leche Entera Uht Lyncott 1 Litr... 1 LT Agregar $119.90 $134.90 Leche Entera Uht Alpura 4 Lt 4 LT Agregar $46.90 $49.90 Leche Entera Bove 946 Ml 946 ML Agregar $42.90 Leche Uht Deslactosada Barista Bove... 946 ML Agregar 5 x $50 $11.90 Leche Uht Entera Santa Clara 180 Mi... 180 ML Agregar $45.90 $54.90 Leche Entera Uht Alpura 1.5 Litro 1.5 LT Agregar -24% $39.90 $51.90 Crema Acida Lala 426 Ml 426 ML Agregar $43.90 $51.90 Leche Fresca Entera Zaragoza 1.8 ... 1.8 LT Agregar 2 x $65 $37.90 Leche Uht Deslactosada Semidescremad... 1 LT Agregar 2 x $80 $42.90 Leche Uht 100 Sin Lactosa Reducida E... 1 LT Agregar 2 x $65 $37.90 Leche Uht Entera Santa Clara... 1 LT Agregar 3 x $125 $52.90 Leche Uht Deslactosada Semi Lala 1... 1.5 LT Agregar 2 x $80 $44.90 Leche Fresca Lala 100 Baja En Grasas... 1 LT Agregar -24% $45.90 $59.90 Leche Light Lala 1.8 Lt 1.8 LT Agregar $24.90 Crema Lala 200 G 200 GR Agrega",,2790,,,,unknown,
Aguarde...,"Aguarde... Seja Bem Vindo à Plaza Vea ¿Ya está registrado? Abarrotes Arroz Arroz Extra Arroz Extra CAMPERO | SKU: 20393402 Arroz Reserva Extra Añejado CAMPERO Bolsa 5Kg MAKRO-Bi-Precio|Vigente Oculto Arroz Extra CAMPERO | SKU: 20393402 Arroz Reserva Extra Añejado CAMPERO Bolsa 5Kg Delivery Express Envío gratis Delivery Express 5un = 1Kg(aprox) | Este producto solo está disponible para “DELIVERY EXPRESS” , te llegará entre 60 a 90 min. Amplía la línea de crédito de tu tarjeta Precio x kg Precio Regular s/ 4 .99 Precio Online s/ 27 .50 -42% Tarjeta s/ 4 .99 Dcto. exclusivo -62% A partir de: 4 un S/27 .10 x un 1 un S/27 .50 Compra en cuotas, sin intereses con Tarjeta Oh! A partir de s/1999 en electro, colchones y deportes * Válido de 6 a 36 cuotas del 5 al 9 de julio. ¡Pide tu Tarjeta Oh! Calcula tus cuotas Elige el número de cuotas Sin cuotas 2 cuotas 3 cuotas 4 cuotas 5 cuotas 6 cuotas 7 cuotas 8 cuotas 9 cuotas 10 cuotas 11 cuotas 12 cuotas 13 cuotas 14 cuotas 15 cuotas 16 cuotas 17 cuotas 18 cuotas 19 cuotas 20 cuotas 21 cuotas 22 cuotas 23 cuotas 24 cuotas 25 cuotas 26 cuotas 27 cuotas 28 cuotas 29 cuotas 30 cuotas 31 cuotas 32 cuotas 33 cuotas 34 cuotas 35 cuotas 36 cuotas Pago mensual Solicita tu Tarjeta Oh! *El valor de la cuota podría variar en función a la fecha de facturación y pago del cliente. 20+ unidades disponibles PRODUCTO AGOTADO Elige la opción que deseas: - Adicionar Súper Garantía Sin Proteccion adicional *El costo de la garantía se aplica sobre el precio unitario. ¿Qué debemos considerar al comprar este producto? Puedes agregar una nota Agregar comentario Nota agregada 0.2kg S/ 16.92 - Cancelar + Aceptar PRODUCTO AGOTADO Agregar 20 + unidades disponibles Comprar Produto Esgotado Producto agotado Avíseme cuando el producto esté disponible Carregando... Cadastrado com sucesso, assim que o produto for disponibilizado você receberá um email avisando. Vendido y despachado por: Makro Términos y condiciones Tipo de entrega disponible: Delivery programado",,1692,,,,unknown,
Aguarde...,"Aguarde... Seja Bem Vindo à Plaza Vea ¿Ya está registrado? Abarrotes Arroz Arroz Superior Arroz Superior TAZON NORTEÑO | SKU: 20211966 Arroz Superior Nir TAZÓN NORTEÑO Saco 49Kg Arroz Superior TAZON NORTEÑO | SKU: 20211966 Arroz Superior Nir TAZÓN NORTEÑO Saco 49Kg Delivery Express Envío gratis Delivery Express 5un = 1Kg(aprox) | Este producto solo está disponible para “DELIVERY EXPRESS” , te llegará entre 60 a 90 min. Amplía la línea de crédito de tu tarjeta Precio x kg Precio Regular s/ 4 .99 Precio Online s/ 174 .80 -42% Tarjeta s/ 4 .99 Dcto. exclusivo -62% A partir de: 1 un S/174 .80 Compra en cuotas, sin intereses con Tarjeta Oh! A partir de s/1999 en electro, colchones y deportes * Válido de 6 a 36 cuotas del 5 al 9 de julio. ¡Pide tu Tarjeta Oh! Calcula tus cuotas Elige el número de cuotas Sin cuotas 2 cuotas 3 cuotas 4 cuotas 5 cuotas 6 cuotas 7 cuotas 8 cuotas 9 cuotas 10 cuotas 11 cuotas 12 cuotas 13 cuotas 14 cuotas 15 cuotas 16 cuotas 17 cuotas 18 cuotas 19 cuotas 20 cuotas 21 cuotas 22 cuotas 23 cuotas 24 cuotas 25 cuotas 26 cuotas 27 cuotas 28 cuotas 29 cuotas 30 cuotas 31 cuotas 32 cuotas 33 cuotas 34 cuotas 35 cuotas 36 cuotas Pago mensual Solicita tu Tarjeta Oh! *El valor de la cuota podría variar en función a la fecha de facturación y pago del cliente. 16+ unidades disponibles PRODUCTO AGOTADO Elige la opción que deseas: - Adicionar Súper Garantía Sin Proteccion adicional *El costo de la garantía se aplica sobre el precio unitario. ¿Qué debemos considerar al comprar este producto? Puedes agregar una nota Agregar comentario Nota agregada 0.2kg S/ 16.92 - Cancelar + Aceptar PRODUCTO AGOTADO Agregar 16 + unidades disponibles Comprar Produto Esgotado Producto agotado Avíseme cuando el producto esté disponible Carregando... Cadastrado com sucesso, assim que o produto for disponibilizado você receberá um email avisando. Vendido y despachado por: Makro Términos y condiciones Tipo de entrega disponible: Delivery programado Ver más distritos Vea al auto Ve",,1692,,,,unknown,
Aguarde...,"Aguarde... Seja Bem Vindo à Plaza Vea ¿Ya está registrado? Abarrotes Arroz Arroz Superior Arroz Superior GRAN ARROZ PACASMAYO | SKU: 20194851 Arroz Naranja GRAN ARROZ PACASMAYO Saco 49kg Arroz Superior GRAN ARROZ PACASMAYO | SKU: 20194851 Arroz Naranja GRAN ARROZ PACASMAYO Saco 49kg Delivery Express Envío gratis Delivery Express 5un = 1Kg(aprox) | Este producto solo está disponible para “DELIVERY EXPRESS” , te llegará entre 60 a 90 min. Amplía la línea de crédito de tu tarjeta Precio x kg Precio Regular s/ 4 .99 Precio Online s/ 210 .00 -42% Tarjeta s/ 4 .99 Dcto. exclusivo -62% A partir de: 1 un S/210 Compra en cuotas, sin intereses con Tarjeta Oh! A partir de s/1999 en electro, colchones y deportes * Válido de 6 a 36 cuotas del 5 al 9 de julio. ¡Pide tu Tarjeta Oh! Calcula tus cuotas Elige el número de cuotas Sin cuotas 2 cuotas 3 cuotas 4 cuotas 5 cuotas 6 cuotas 7 cuotas 8 cuotas 9 cuotas 10 cuotas 11 cuotas 12 cuotas 13 cuotas 14 cuotas 15 cuotas 16 cuotas 17 cuotas 18 cuotas 19 cuotas 20 cuotas 21 cuotas 22 cuotas 23 cuotas 24 cuotas 25 cuotas 26 cuotas 27 cuotas 28 cuotas 29 cuotas 30 cuotas 31 cuotas 32 cuotas 33 cuotas 34 cuotas 35 cuotas 36 cuotas Pago mensual Solicita tu Tarjeta Oh! *El valor de la cuota podría variar en función a la fecha de facturación y pago del cliente. 20+ unidades disponibles PRODUCTO AGOTADO Elige la opción que deseas: - Adicionar Súper Garantía Sin Proteccion adicional *El costo de la garantía se aplica sobre el precio unitario. ¿Qué debemos considerar al comprar este producto? Puedes agregar una nota Agregar comentario Nota agregada 0.2kg S/ 16.92 - Cancelar + Aceptar PRODUCTO AGOTADO Agregar 20 + unidades disponibles Comprar Produto Esgotado Producto agotado Avíseme cuando el producto esté disponible Carregando... Cadastrado com sucesso, assim que o produto for disponibilizado você receberá um email avisando. Vendido y despachado por: Makro Términos y condiciones Tipo de entrega disponible: Delivery programado Ver más distritos ",,1692,,,,unknown,
Aguarde...,"Aguarde... Seja Bem Vindo à Plaza Vea ¿Ya está registrado? Abarrotes Arroz Arroz Superior Arroz Superior VALLENORTE | SKU: 20069687 Arroz Superior VALLENORTE Bolsa 5Kg MAKRO-Bi-Precio|Vigente Oculto Arroz Superior VALLENORTE | SKU: 20069687 Arroz Superior VALLENORTE Bolsa 5Kg Delivery Express Envío gratis Delivery Express 5un = 1Kg(aprox) | Este producto solo está disponible para “DELIVERY EXPRESS” , te llegará entre 60 a 90 min. Amplía la línea de crédito de tu tarjeta Precio x kg Precio Regular s/ 21 .90 Precio Online s/ 20 .90 -4% Tarjeta s/ 4 .99 Dcto. exclusivo -62% A partir de: 1 un S/20 .90 Compra en cuotas, sin intereses con Tarjeta Oh! A partir de s/1999 en electro, colchones y deportes * Válido de 6 a 36 cuotas del 5 al 9 de julio. ¡Pide tu Tarjeta Oh! Calcula tus cuotas Elige el número de cuotas Sin cuotas 2 cuotas 3 cuotas 4 cuotas 5 cuotas 6 cuotas 7 cuotas 8 cuotas 9 cuotas 10 cuotas 11 cuotas 12 cuotas 13 cuotas 14 cuotas 15 cuotas 16 cuotas 17 cuotas 18 cuotas 19 cuotas 20 cuotas 21 cuotas 22 cuotas 23 cuotas 24 cuotas 25 cuotas 26 cuotas 27 cuotas 28 cuotas 29 cuotas 30 cuotas 31 cuotas 32 cuotas 33 cuotas 34 cuotas 35 cuotas 36 cuotas Pago mensual Solicita tu Tarjeta Oh! *El valor de la cuota podría variar en función a la fecha de facturación y pago del cliente. 20+ unidades disponibles PRODUCTO AGOTADO Elige la opción que deseas: - Adicionar Súper Garantía Sin Proteccion adicional *El costo de la garantía se aplica sobre el precio unitario. ¿Qué debemos considerar al comprar este producto? Puedes agregar una nota Agregar comentario Nota agregada 0.2kg S/ 16.92 - Cancelar + Aceptar PRODUCTO AGOTADO Agregar 20 + unidades disponibles Comprar Produto Esgotado Producto agotado Avíseme cuando el producto esté disponible Carregando... Cadastrado com sucesso, assim que o produto for disponibilizado você receberá um email avisando. Vendido y despachado por: Makro Términos y condiciones Tipo de entrega disponible: Delivery programado Ver más distritos Vea a",,1692,,,,unknown,
Aguarde...,"Aguarde... Seja Bem Vindo à Plaza Vea ¿Ya está registrado? Carnes, Aves y Pescados Pollo Pollo Entero Pollo Entero PERDIX | SKU: 20213851 Pollo Entero PERDIX sin Menudencia Congelado Bolsa 1.5Kg Garantía de calidad Pollo Entero PERDIX | SKU: 20213851 Pollo Entero PERDIX sin Menudencia Congelado Bolsa 1.5Kg Delivery Express Envío gratis Delivery Express 5un = 1Kg(aprox) | Este producto solo está disponible para “DELIVERY EXPRESS” , te llegará entre 60 a 90 min. Amplía la línea de crédito de tu tarjeta Precio x kg Precio Regular s/ 4 .99 Precio Online s/ 14 .50 -42% Tarjeta s/ 4 .99 Dcto. exclusivo -62% A partir de: 1 un S/14 .50 Compra en cuotas, sin intereses con Tarjeta Oh! A partir de s/1999 en electro, colchones y deportes * Válido de 6 a 36 cuotas del 5 al 9 de julio. ¡Pide tu Tarjeta Oh! Calcula tus cuotas Elige el número de cuotas Sin cuotas 2 cuotas 3 cuotas 4 cuotas 5 cuotas 6 cuotas 7 cuotas 8 cuotas 9 cuotas 10 cuotas 11 cuotas 12 cuotas 13 cuotas 14 cuotas 15 cuotas 16 cuotas 17 cuotas 18 cuotas 19 cuotas 20 cuotas 21 cuotas 22 cuotas 23 cuotas 24 cuotas 25 cuotas 26 cuotas 27 cuotas 28 cuotas 29 cuotas 30 cuotas 31 cuotas 32 cuotas 33 cuotas 34 cuotas 35 cuotas 36 cuotas Pago mensual Solicita tu Tarjeta Oh! *El valor de la cuota podría variar en función a la fecha de facturación y pago del cliente. 20+ unidades disponibles PRODUCTO AGOTADO Elige la opción que deseas: - Adicionar Súper Garantía Sin Proteccion adicional *El costo de la garantía se aplica sobre el precio unitario. ¿Qué debemos considerar al comprar este producto? Puedes agregar una nota Agregar comentario Nota agregada 0.2kg S/ 16.92 - Cancelar + Aceptar PRODUCTO AGOTADO Agregar 20 + unidades disponibles Comprar Produto Esgotado Producto agotado Avíseme cuando el producto esté disponible Carregando... Cadastrado com sucesso, assim que o produto for disponibilizado você receberá um email avisando. Vendido y despachado por: Makro Términos y condiciones Tipo de entrega disponible: Delivery pro",,1692,,,,unknown,
Aguarde...,"Aguarde... Seja Bem Vindo à Plaza Vea ¿Ya está registrado? Carnes, Aves y Pescados Pollo Pollo Entero Pollo Entero SEARA | SKU: 20355685 Pollo Entero Sin Menudencia FRANGOSUL Congelado Bolsa 1.3Kg Garantía de calidad Pollo Entero SEARA | SKU: 20355685 Pollo Entero Sin Menudencia FRANGOSUL Congelado Bolsa 1.3Kg Delivery Express Envío gratis Delivery Express 5un = 1Kg(aprox) | Este producto solo está disponible para “DELIVERY EXPRESS” , te llegará entre 60 a 90 min. Amplía la línea de crédito de tu tarjeta Precio x kg Precio Regular s/ 4 .99 Precio Online s/ 7 .90 -42% Tarjeta s/ 4 .99 Dcto. exclusivo -62% A partir de: 1 un S/7 .90 Compra en cuotas, sin intereses con Tarjeta Oh! A partir de s/1999 en electro, colchones y deportes * Válido de 6 a 36 cuotas del 5 al 9 de julio. ¡Pide tu Tarjeta Oh! Calcula tus cuotas Elige el número de cuotas Sin cuotas 2 cuotas 3 cuotas 4 cuotas 5 cuotas 6 cuotas 7 cuotas 8 cuotas 9 cuotas 10 cuotas 11 cuotas 12 cuotas 13 cuotas 14 cuotas 15 cuotas 16 cuotas 17 cuotas 18 cuotas 19 cuotas 20 cuotas 21 cuotas 22 cuotas 23 cuotas 24 cuotas 25 cuotas 26 cuotas 27 cuotas 28 cuotas 29 cuotas 30 cuotas 31 cuotas 32 cuotas 33 cuotas 34 cuotas 35 cuotas 36 cuotas Pago mensual Solicita tu Tarjeta Oh! *El valor de la cuota podría variar en función a la fecha de facturación y pago del cliente. 0+ unidades disponibles PRODUCTO AGOTADO Elige la opción que deseas: - Adicionar Súper Garantía Sin Proteccion adicional *El costo de la garantía se aplica sobre el precio unitario. ¿Qué debemos considerar al comprar este producto? Puedes agregar una nota Agregar comentario Nota agregada 0.2kg S/ 16.92 - Cancelar + Aceptar PRODUCTO AGOTADO Agregar 0 + unidades disponibles Comprar Produto Esgotado Producto agotado Avíseme cuando el producto esté disponible Carregando... Cadastrado com sucesso, assim que o produto for disponibilizado você receberá um email avisando. Vendido y despachado por: Makro Términos y condiciones Tipo de entrega disponible: Delivery pro",,1692,,,,unknown,
Aguarde...,"Aguarde... Cambio de modalidad jainernieto@gmail.com. No soy yo. ¡Hola! Jose Este producto es exclusivo para “DELIVERY PROGRAMADO” ¿Qué deseas hacer? Seguir en: DELIVERY EXPRESS Pedido de 60 a 90 min. Tu última compra registrada. Cambiar a: DELIVERY PROGRAMADO Programa la fecha y hora Tu última compra registrada. Seja Bem Vindo à Plaza Vea ¿Ya está registrado? Estos productos no cuentan con el método Despacho en 48 hrs, puedes apagar el switch o cambiar tu método de entrega. Error 404: Lo sentimos, pero la página que buscas no existe. Por favor, dirígete a cualquiera de nuestras páginas: Ofertas Supermercado Ofertas Electro y hogar Catálogo de Productos Nuestra tiendas Vea club O puedes regresar a la PÁGINA DE INICIO DELIVERY EXPRESS A TUS MANOS LO MÁS PRONTO POSIBLE DISPONIBLE PARA: Barranco, Breña, Chorrillos, Jesús María, La Molina, Lince, Los Olivos, Magdalena del Mar, Miraflores, Pueblo Libre, San Borja, San Isidro, San Miguel, San Juan De Lurigancho, Surquillo y Santiago de Surco. En tu puerta de 60 a 90 min. Sólo para productos seleccionados Máximo hasta 10 unidades Pedidos de 8:00 a 21:30 hrs. y reparto hasta las 22:30 hrs. Mira qué productos tienen este servicio: Identifica nuestros productos para Delivery Express con: Delivery Express ¡A COMPRAR! ¡UPS!... Revisemos el carrito... Has superado el límite permitido para DELIVERY EXPRESS , ¿Deseas cambiar de modalidad? Máximo 10 productos Mantener DELIVERY EXPRESS No se agregará el producto y tu pedido llegará en el mismo día. Cambiar a DELIVERY PROGRAMADO Agregar todas las unidades programa por fecha y hora la entregas. CONTINUAR Cambio de modalidad El producto es exclusivo para Delivery Express ¿Qué deseas hacer? Mantener DELIVERY PROGRAMADO Agrega todas las unidades y; programa por fecha y hora la entregas. Cambiar a DELIVERY EXPRESS Solo se permiten 10 productos max. y tu pedido llegará de 60 a 90 min. Si cambias de modalidad, revisa tu carrito, es posible que algunos productos ya no tengan stock o su preci",,1899,,,,unknown,
Aguarde...,"Aguarde... Seja Bem Vindo à Plaza Vea ¿Ya está registrado? Carnes, Aves y Pescados Pollo Pollo Entero Pollo Entero AVINKA | SKU: 20215631 Pollo AVINKA x Kg Garantía de calidad Pollo Entero AVINKA | SKU: 20215631 Pollo AVINKA x Kg Delivery Express Envío gratis Delivery Express 5un = 1Kg(aprox) | Este producto solo está disponible para “DELIVERY EXPRESS” , te llegará entre 60 a 90 min. Amplía la línea de crédito de tu tarjeta Presentación 1.7 kg aprox. Precio Regular s/ 4 .99 Precio Online s/ 12 .90 x kg -42% Tarjeta s/ 4 .99 Dcto. exclusivo -62% A partir de: 1 kg S/12 .90 Compra en cuotas, sin intereses con Tarjeta Oh! A partir de s/1999 en electro, colchones y deportes * Válido de 6 a 36 cuotas del 5 al 9 de julio. ¡Pide tu Tarjeta Oh! Calcula tus cuotas Elige el número de cuotas Sin cuotas 2 cuotas 3 cuotas 4 cuotas 5 cuotas 6 cuotas 7 cuotas 8 cuotas 9 cuotas 10 cuotas 11 cuotas 12 cuotas 13 cuotas 14 cuotas 15 cuotas 16 cuotas 17 cuotas 18 cuotas 19 cuotas 20 cuotas 21 cuotas 22 cuotas 23 cuotas 24 cuotas 25 cuotas 26 cuotas 27 cuotas 28 cuotas 29 cuotas 30 cuotas 31 cuotas 32 cuotas 33 cuotas 34 cuotas 35 cuotas 36 cuotas Pago mensual Solicita tu Tarjeta Oh! *El valor de la cuota podría variar en función a la fecha de facturación y pago del cliente. 20+ unidades disponibles PRODUCTO AGOTADO Elige la opción que deseas: - Adicionar Súper Garantía Sin Proteccion adicional *El costo de la garantía se aplica sobre el precio unitario. ¿Qué debemos considerar al comprar este producto? Puedes agregar una nota Agregar comentario Nota agregada 1.7 kg S/21.93 - Cancelar + Aceptar PRODUCTO AGOTADO Agregar 20 + unidades disponibles Comprar Produto Esgotado Producto agotado Avíseme cuando el producto esté disponible Carregando... Cadastrado com sucesso, assim que o produto for disponibilizado você receberá um email avisando. Vendido y despachado por: Makro Términos y condiciones Tipo de entrega disponible: Delivery programado Ver más distritos Vea al auto Ver tiendas Métodos ",,2193,,,,unknown,
Aguarde...,"Aguarde... Seja Bem Vindo à Plaza Vea ¿Ya está registrado? Desayunos Café e Infusiones Café Molido Café Molido KAPHIY | SKU: 20211747 Cafe Tostado Y Molido Kaphiy 500g MAKRO-Bi-Precio|Vigente Oculto Café Molido KAPHIY | SKU: 20211747 Cafe Tostado Y Molido Kaphiy 500g Delivery Express Envío gratis Delivery Express 5un = 1Kg(aprox) | Este producto solo está disponible para “DELIVERY EXPRESS” , te llegará entre 60 a 90 min. Amplía la línea de crédito de tu tarjeta Precio x kg Precio Regular s/ 4 .99 Precio Online s/ 30 .90 -42% Tarjeta s/ 4 .99 Dcto. exclusivo -62% A partir de: 2 un S/30 .50 x un 1 un S/30 .90 Compra en cuotas, sin intereses con Tarjeta Oh! A partir de s/1999 en electro, colchones y deportes * Válido de 6 a 36 cuotas del 5 al 9 de julio. ¡Pide tu Tarjeta Oh! Calcula tus cuotas Elige el número de cuotas Sin cuotas 2 cuotas 3 cuotas 4 cuotas 5 cuotas 6 cuotas 7 cuotas 8 cuotas 9 cuotas 10 cuotas 11 cuotas 12 cuotas 13 cuotas 14 cuotas 15 cuotas 16 cuotas 17 cuotas 18 cuotas 19 cuotas 20 cuotas 21 cuotas 22 cuotas 23 cuotas 24 cuotas 25 cuotas 26 cuotas 27 cuotas 28 cuotas 29 cuotas 30 cuotas 31 cuotas 32 cuotas 33 cuotas 34 cuotas 35 cuotas 36 cuotas Pago mensual Solicita tu Tarjeta Oh! *El valor de la cuota podría variar en función a la fecha de facturación y pago del cliente. 20+ unidades disponibles PRODUCTO AGOTADO Elige la opción que deseas: - Adicionar Súper Garantía Sin Proteccion adicional *El costo de la garantía se aplica sobre el precio unitario. ¿Qué debemos considerar al comprar este producto? Puedes agregar una nota Agregar comentario Nota agregada 0.2kg S/ 16.92 - Cancelar + Aceptar PRODUCTO AGOTADO Agregar 20 + unidades disponibles Comprar Produto Esgotado Producto agotado Avíseme cuando el producto esté disponible Carregando... Cadastrado com sucesso, assim que o produto for disponibilizado você receberá um email avisando. Vendido y despachado por: Makro Términos y condiciones Tipo de entrega disponible: Delivery programado Ver más distr",,1692,,,,unknown,
Aguarde...,"Aguarde... Seja Bem Vindo à Plaza Vea ¿Ya está registrado? Desayunos Café e Infusiones Café Instantáneo Café Instantáneo ALTOMAYO | SKU: 20468814 Café Instantáneo ALTOMAYO Armónico Doypack 150g MAKRO-Bi-Precio|Vigente Oculto Vea Days Supermercado marzo | Ver todo Café Instantáneo ALTOMAYO | SKU: 20468814 Café Instantáneo ALTOMAYO Armónico Doypack 150g Delivery Express Envío gratis Delivery Express 5un = 1Kg(aprox) | Este producto solo está disponible para “DELIVERY EXPRESS” , te llegará entre 60 a 90 min. Amplía la línea de crédito de tu tarjeta Precio x kg Precio Regular s/ 4 .99 Precio Online s/ 23 .90 -42% Tarjeta s/ 4 .99 Dcto. exclusivo -62% A partir de: 2 un S/22 .70 x un 1 un S/23 .90 Compra en cuotas, sin intereses con Tarjeta Oh! A partir de s/1999 en electro, colchones y deportes * Válido de 6 a 36 cuotas del 5 al 9 de julio. ¡Pide tu Tarjeta Oh! Calcula tus cuotas Elige el número de cuotas Sin cuotas 2 cuotas 3 cuotas 4 cuotas 5 cuotas 6 cuotas 7 cuotas 8 cuotas 9 cuotas 10 cuotas 11 cuotas 12 cuotas 13 cuotas 14 cuotas 15 cuotas 16 cuotas 17 cuotas 18 cuotas 19 cuotas 20 cuotas 21 cuotas 22 cuotas 23 cuotas 24 cuotas 25 cuotas 26 cuotas 27 cuotas 28 cuotas 29 cuotas 30 cuotas 31 cuotas 32 cuotas 33 cuotas 34 cuotas 35 cuotas 36 cuotas Pago mensual Solicita tu Tarjeta Oh! *El valor de la cuota podría variar en función a la fecha de facturación y pago del cliente. 20+ unidades disponibles PRODUCTO AGOTADO Elige la opción que deseas: - Adicionar Súper Garantía Sin Proteccion adicional *El costo de la garantía se aplica sobre el precio unitario. ¿Qué debemos considerar al comprar este producto? Puedes agregar una nota Agregar comentario Nota agregada 0.2kg S/ 16.92 - Cancelar + Aceptar PRODUCTO AGOTADO Agregar 20 + unidades disponibles Comprar Produto Esgotado Producto agotado Avíseme cuando el producto esté disponible Carregando... Cadastrado com sucesso, assim que o produto for disponibilizado você receberá um email avisando. Vendido y despachado por: Makr",,1692,,,,unknown,
¡Lo mejor te está esperando!,"¡Lo mejor te está esperando! Descarga la app Departamentos Inicia sesión Ofertas de la semana Listas Alsuper Club Alsuper Alsuper card Estás en Alsuper Plus Leones 90 min Inicio > Lácteos Y Huevo > Leche > Leche Uht Entera Premium Zaragoza 1 Lt Detalles: Consiente a tu familia con nuestra Leche Zaragoza de larga duración, mismo sabor y frescura, 100% leche pura de vaca, excelente fuente de proteína y calcio, adicionada con vitaminas A y D ... Ver más Leche Uht Entera Premium Zaragoza 1 Lt $34.90 Súper Mix 2 x $55 - Ver más Agregar al carrito Favoritos Agregar a una lista Recomendados 2 x $65 $37.90 Leche Uht Deslactosada Semidescremad... 1 LT Agregar 2 x $65 $37.90 Leche Uht Deslactosada Light Baja En... 1 LT Agregar 2 x $80 $42.90 Leche Uht 100 Sin Lactosa Reducida E... 1 LT Agregar 2 x $80 $42.90 Leche Uht 100 Sin Lactosa Semidescre... 1 LT Agregar 2 x $65 $37.90 Leche Uht Entera Santa Clara... 1 LT Agregar 3 x $125 $52.90 Leche Uht Deslactosada Semi Lala 1... 1.5 LT Agregar 2 x $65 $37.90 Leche Uht Deslactosada Santa Clara... 1 LT Agregar 2 x $55 $34.90 Leche Uht Entera Premium Zaragoza ... 1 LT Agregar 3 x $125 $52.90 Leche Uht Deslactosada Lala 1.5 L... 1.5 LT Agregar 2 x $65 $37.90 Leche Uht Deslactosada Light San... 1 LT Agregar 2 x $55 $34.90 Leche Uht Deslactosada Zaragoza ... 1 LT Agregar 2 x $65 $37.90 Leche Uht Light Baja En Grasa Lal... 1 LT Agregar 3 x $125 $54.90 Leche Uht Entera Lala 1.5 Lt 1.5 LT Agregar 2 x $80 $42.90 Leche Uht 100 Sin Lactosa Reducida E... 1 LT Agregar 2 x $55 $34.90 Leche Uht Ultrapasteurizada Optima... 1 LT Agregar $169.90 $199.90 Leche Uht Deslactosada Light Baja En... 6 LT Agregar $30.90 $32.90 Leche Uht Deslactosada Borden 1... 1 LT Agregar $30.90 $32.90 Leche Uht Entera Borden 1 Lt 1 LT Agregar $32.90 $39.90 Leche Uht Entera Alpura 1 Lt 1 LT Agregar 2 x $55 $34.90 Leche Uht Light Zaragoza 1 Lt 1 LT Agregar $33.90 $39.90 Leche Uht Deslactosada Alpura 1... 1 LT Agregar 2 x $80 $42.90 Leche Uht 100 Sin Lactosa Semidescre... 1 L",,3490,,,,unknown,
Aguarde...,"Aguarde... Cambio de modalidad jainernieto@gmail.com. No soy yo. ¡Hola! Jose Este producto es exclusivo para “DELIVERY PROGRAMADO” ¿Qué deseas hacer? Seguir en: DELIVERY EXPRESS Pedido de 60 a 90 min. Tu última compra registrada. Cambiar a: DELIVERY PROGRAMADO Programa la fecha y hora Tu última compra registrada. Seja Bem Vindo à Plaza Vea ¿Ya está registrado? Estos productos no cuentan con el método Despacho en 48 hrs, puedes apagar el switch o cambiar tu método de entrega. Error 404: Lo sentimos, pero la página que buscas no existe. Por favor, dirígete a cualquiera de nuestras páginas: Ofertas Supermercado Ofertas Electro y hogar Catálogo de Productos Nuestra tiendas Vea club O puedes regresar a la PÁGINA DE INICIO DELIVERY EXPRESS A TUS MANOS LO MÁS PRONTO POSIBLE DISPONIBLE PARA: Barranco, Breña, Chorrillos, Jesús María, La Molina, Lince, Los Olivos, Magdalena del Mar, Miraflores, Pueblo Libre, San Borja, San Isidro, San Miguel, San Juan De Lurigancho, Surquillo y Santiago de Surco. En tu puerta de 60 a 90 min. Sólo para productos seleccionados Máximo hasta 10 unidades Pedidos de 8:00 a 21:30 hrs. y reparto hasta las 22:30 hrs. Mira qué productos tienen este servicio: Identifica nuestros productos para Delivery Express con: Delivery Express ¡A COMPRAR! ¡UPS!... Revisemos el carrito... Has superado el límite permitido para DELIVERY EXPRESS , ¿Deseas cambiar de modalidad? Máximo 10 productos Mantener DELIVERY EXPRESS No se agregará el producto y tu pedido llegará en el mismo día. Cambiar a DELIVERY PROGRAMADO Agregar todas las unidades programa por fecha y hora la entregas. CONTINUAR Cambio de modalidad El producto es exclusivo para Delivery Express ¿Qué deseas hacer? Mantener DELIVERY PROGRAMADO Agrega todas las unidades y; programa por fecha y hora la entregas. Cambiar a DELIVERY EXPRESS Solo se permiten 10 productos max. y tu pedido llegará de 60 a 90 min. Si cambias de modalidad, revisa tu carrito, es posible que algunos productos ya no tengan stock o su preci",,1899,,,,unknown,
Aguarde...,"Aguarde... Seja Bem Vindo à Plaza Vea ¿Ya está registrado? Desayunos Café e Infusiones Café Instantáneo Café Instantáneo CAFETAL | SKU: 20385646 Café Instantáneo CAFETAL Doypack 150g MAKRO-Bi-Precio|Vigente Oculto Café Instantáneo CAFETAL | SKU: 20385646 Café Instantáneo CAFETAL Doypack 150g Delivery Express Envío gratis Delivery Express 5un = 1Kg(aprox) | Este producto solo está disponible para “DELIVERY EXPRESS” , te llegará entre 60 a 90 min. Amplía la línea de crédito de tu tarjeta Precio x kg Precio Regular s/ 4 .99 Precio Online s/ 26 .70 -42% Tarjeta s/ 4 .99 Dcto. exclusivo -62% A partir de: 2 un S/26 .17 x un 1 un S/26 .70 Compra en cuotas, sin intereses con Tarjeta Oh! A partir de s/1999 en electro, colchones y deportes * Válido de 6 a 36 cuotas del 5 al 9 de julio. ¡Pide tu Tarjeta Oh! Calcula tus cuotas Elige el número de cuotas Sin cuotas 2 cuotas 3 cuotas 4 cuotas 5 cuotas 6 cuotas 7 cuotas 8 cuotas 9 cuotas 10 cuotas 11 cuotas 12 cuotas 13 cuotas 14 cuotas 15 cuotas 16 cuotas 17 cuotas 18 cuotas 19 cuotas 20 cuotas 21 cuotas 22 cuotas 23 cuotas 24 cuotas 25 cuotas 26 cuotas 27 cuotas 28 cuotas 29 cuotas 30 cuotas 31 cuotas 32 cuotas 33 cuotas 34 cuotas 35 cuotas 36 cuotas Pago mensual Solicita tu Tarjeta Oh! *El valor de la cuota podría variar en función a la fecha de facturación y pago del cliente. 20+ unidades disponibles PRODUCTO AGOTADO Elige la opción que deseas: - Adicionar Súper Garantía Sin Proteccion adicional *El costo de la garantía se aplica sobre el precio unitario. ¿Qué debemos considerar al comprar este producto? Puedes agregar una nota Agregar comentario Nota agregada 0.2kg S/ 16.92 - Cancelar + Aceptar PRODUCTO AGOTADO Agregar 20 + unidades disponibles Comprar Produto Esgotado Producto agotado Avíseme cuando el producto esté disponible Carregando... Cadastrado com sucesso, assim que o produto for disponibilizado você receberá um email avisando. Vendido y despachado por: Makro Términos y condiciones Tipo de entrega disponible: Delivery",,1692,,,,unknown,
Aguarde...,"Aguarde... Seja Bem Vindo à Plaza Vea ¿Ya está registrado? Desayunos Café e Infusiones Café Instantáneo Café Instantáneo NESCAFÉ | SKU: 20148178 Café Instantáneo NESCAFE Tradición Lata 500g MAKRO-Bi-Precio|Vigente Oculto Café Instantáneo NESCAFÉ | SKU: 20148178 Café Instantáneo NESCAFE Tradición Lata 500g Delivery Express Envío gratis Delivery Express 5un = 1Kg(aprox) | Este producto solo está disponible para “DELIVERY EXPRESS” , te llegará entre 60 a 90 min. Amplía la línea de crédito de tu tarjeta Precio x kg Precio Regular s/ 4 .99 Precio Online s/ 59 .90 -42% Tarjeta s/ 4 .99 Dcto. exclusivo -62% A partir de: 2 un S/58 .90 x un 1 un S/59 .90 Compra en cuotas, sin intereses con Tarjeta Oh! A partir de s/1999 en electro, colchones y deportes * Válido de 6 a 36 cuotas del 5 al 9 de julio. ¡Pide tu Tarjeta Oh! Calcula tus cuotas Elige el número de cuotas Sin cuotas 2 cuotas 3 cuotas 4 cuotas 5 cuotas 6 cuotas 7 cuotas 8 cuotas 9 cuotas 10 cuotas 11 cuotas 12 cuotas 13 cuotas 14 cuotas 15 cuotas 16 cuotas 17 cuotas 18 cuotas 19 cuotas 20 cuotas 21 cuotas 22 cuotas 23 cuotas 24 cuotas 25 cuotas 26 cuotas 27 cuotas 28 cuotas 29 cuotas 30 cuotas 31 cuotas 32 cuotas 33 cuotas 34 cuotas 35 cuotas 36 cuotas Pago mensual Solicita tu Tarjeta Oh! *El valor de la cuota podría variar en función a la fecha de facturación y pago del cliente. 20+ unidades disponibles PRODUCTO AGOTADO Elige la opción que deseas: - Adicionar Súper Garantía Sin Proteccion adicional *El costo de la garantía se aplica sobre el precio unitario. ¿Qué debemos considerar al comprar este producto? Puedes agregar una nota Agregar comentario Nota agregada 0.2kg S/ 16.92 - Cancelar + Aceptar PRODUCTO AGOTADO Agregar 20 + unidades disponibles Comprar Produto Esgotado Producto agotado Avíseme cuando el producto esté disponible Carregando... Cadastrado com sucesso, assim que o produto for disponibilizado você receberá um email avisando. Vendido y despachado por: Makro Términos y condiciones Tipo de entrega dispon",,1692,,,,unknown,
Aguarde...,"Aguarde... Seja Bem Vindo à Plaza Vea ¿Ya está registrado? Abarrotes Aceite Aceite Vegetal Aceite Vegetal ARO | SKU: 20423020 Aceite de Soya ARO Bidon 3L MAKRO-Bi-Precio|Vigente Oculto Aceite Vegetal ARO | SKU: 20423020 Aceite de Soya ARO Bidon 3L Delivery Express Envío gratis Delivery Express 5un = 1Kg(aprox) | Este producto solo está disponible para “DELIVERY EXPRESS” , te llegará entre 60 a 90 min. Amplía la línea de crédito de tu tarjeta Precio x kg Precio Regular s/ 4 .99 Precio Online s/ 20 .50 -42% Tarjeta s/ 4 .99 Dcto. exclusivo -62% A partir de: 2 un S/20 .20 x un 1 un S/20 .50 Compra en cuotas, sin intereses con Tarjeta Oh! A partir de s/1999 en electro, colchones y deportes * Válido de 6 a 36 cuotas del 5 al 9 de julio. ¡Pide tu Tarjeta Oh! Calcula tus cuotas Elige el número de cuotas Sin cuotas 2 cuotas 3 cuotas 4 cuotas 5 cuotas 6 cuotas 7 cuotas 8 cuotas 9 cuotas 10 cuotas 11 cuotas 12 cuotas 13 cuotas 14 cuotas 15 cuotas 16 cuotas 17 cuotas 18 cuotas 19 cuotas 20 cuotas 21 cuotas 22 cuotas 23 cuotas 24 cuotas 25 cuotas 26 cuotas 27 cuotas 28 cuotas 29 cuotas 30 cuotas 31 cuotas 32 cuotas 33 cuotas 34 cuotas 35 cuotas 36 cuotas Pago mensual Solicita tu Tarjeta Oh! *El valor de la cuota podría variar en función a la fecha de facturación y pago del cliente. 20+ unidades disponibles PRODUCTO AGOTADO Elige la opción que deseas: - Adicionar Súper Garantía Sin Proteccion adicional *El costo de la garantía se aplica sobre el precio unitario. ¿Qué debemos considerar al comprar este producto? Puedes agregar una nota Agregar comentario Nota agregada 0.2kg S/ 16.92 - Cancelar + Aceptar PRODUCTO AGOTADO Agregar 20 + unidades disponibles Comprar Produto Esgotado Producto agotado Avíseme cuando el producto esté disponible Carregando... Cadastrado com sucesso, assim que o produto for disponibilizado você receberá um email avisando. Vendido y despachado por: Makro Términos y condiciones Tipo de entrega disponible: Delivery programado Ver más distritos Vea al auto Ver",,1692,,,,unknown,
Aguarde...,"Aguarde... Seja Bem Vindo à Plaza Vea ¿Ya está registrado? Abarrotes Aceite Aceite Vegetal Aceite Vegetal BELTRAN | SKU: 20391973 Aceite Vegetal BELTRAN Botella 900ml MAKRO-Bi-Precio|Vigente Oculto Aceite Vegetal BELTRAN | SKU: 20391973 Aceite Vegetal BELTRAN Botella 900ml Delivery Express Envío gratis Delivery Express 5un = 1Kg(aprox) | Este producto solo está disponible para “DELIVERY EXPRESS” , te llegará entre 60 a 90 min. Amplía la línea de crédito de tu tarjeta Precio x kg Precio Regular s/ 4 .99 Precio Online s/ 7 .00 -42% Tarjeta s/ 4 .99 Dcto. exclusivo -62% A partir de: 3 un S/6 .90 x un 1 un S/7 Compra en cuotas, sin intereses con Tarjeta Oh! A partir de s/1999 en electro, colchones y deportes * Válido de 6 a 36 cuotas del 5 al 9 de julio. ¡Pide tu Tarjeta Oh! Calcula tus cuotas Elige el número de cuotas Sin cuotas 2 cuotas 3 cuotas 4 cuotas 5 cuotas 6 cuotas 7 cuotas 8 cuotas 9 cuotas 10 cuotas 11 cuotas 12 cuotas 13 cuotas 14 cuotas 15 cuotas 16 cuotas 17 cuotas 18 cuotas 19 cuotas 20 cuotas 21 cuotas 22 cuotas 23 cuotas 24 cuotas 25 cuotas 26 cuotas 27 cuotas 28 cuotas 29 cuotas 30 cuotas 31 cuotas 32 cuotas 33 cuotas 34 cuotas 35 cuotas 36 cuotas Pago mensual Solicita tu Tarjeta Oh! *El valor de la cuota podría variar en función a la fecha de facturación y pago del cliente. 20+ unidades disponibles PRODUCTO AGOTADO Elige la opción que deseas: - Adicionar Súper Garantía Sin Proteccion adicional *El costo de la garantía se aplica sobre el precio unitario. ¿Qué debemos considerar al comprar este producto? Puedes agregar una nota Agregar comentario Nota agregada 0.2kg S/ 16.92 - Cancelar + Aceptar PRODUCTO AGOTADO Agregar 20 + unidades disponibles Comprar Produto Esgotado Producto agotado Avíseme cuando el producto esté disponible Carregando... Cadastrado com sucesso, assim que o produto for disponibilizado você receberá um email avisando. Vendido y despachado por: Makro Términos y condiciones Tipo de entrega disponible: Delivery programado Ver más distri",,1692,,,,unknown,
Aguarde...,"Aguarde... Seja Bem Vindo à Plaza Vea ¿Ya está registrado? Makro Abarrotes Aceite Aceite de Oliva | SKU: 26831 Aceite de Oliva EL OLIVAR Puro Botella 1L MAKRO-Bi-Precio|Vigente Oculto | SKU: 26831 Aceite de Oliva EL OLIVAR Puro Botella 1L Delivery Express Envío gratis Delivery Express 5un = 1Kg(aprox) | Este producto solo está disponible para “DELIVERY EXPRESS” , te llegará entre 60 a 90 min. Amplía la línea de crédito de tu tarjeta Precio x kg Precio Regular s/ 4 .99 Precio Online s/ 4 .99 -42% Tarjeta s/ 4 .99 Dcto. exclusivo -62% Compra en cuotas, sin intereses con Tarjeta Oh! A partir de s/1999 en electro, colchones y deportes * Válido de 6 a 36 cuotas del 5 al 9 de julio. ¡Pide tu Tarjeta Oh! Calcula tus cuotas Elige el número de cuotas Sin cuotas 2 cuotas 3 cuotas 4 cuotas 5 cuotas 6 cuotas 7 cuotas 8 cuotas 9 cuotas 10 cuotas 11 cuotas 12 cuotas 13 cuotas 14 cuotas 15 cuotas 16 cuotas 17 cuotas 18 cuotas 19 cuotas 20 cuotas 21 cuotas 22 cuotas 23 cuotas 24 cuotas 25 cuotas 26 cuotas 27 cuotas 28 cuotas 29 cuotas 30 cuotas 31 cuotas 32 cuotas 33 cuotas 34 cuotas 35 cuotas 36 cuotas Pago mensual Solicita tu Tarjeta Oh! *El valor de la cuota podría variar en función a la fecha de facturación y pago del cliente. 2 unidades disponibles PRODUCTO AGOTADO Elige la opción que deseas: - Adicionar Súper Garantía Sin Proteccion adicional *El costo de la garantía se aplica sobre el precio unitario. Servicios adicionales Selecciona ¿Qué debemos considerar al comprar este producto? Puedes agregar una nota Agregar comentario Nota agregada 0.2kg S/ 16.92 - Cancelar + Aceptar PRODUCTO AGOTADO Agregar 10 + unidades disponibles Comprar Produto Esgotado Producto agotado Avíseme cuando el producto esté disponible Carregando... Cadastrado com sucesso, assim que o produto for disponibilizado você receberá um email avisando. Vendido y despachado por: Métodos de pago: Pago online con Componentes del Producto Vendido por plazaVea Descripción Descripción del producto Importante destacar",,1692,,,,unknown,
Aguarde...,"Aguarde... Seja Bem Vindo à Plaza Vea ¿Ya está registrado? Abarrotes Aceite Aceite Vegetal Aceite Vegetal DELEITE | SKU: 20352677 Aceite Vegetal DELEITE Premium Bidón 5L MAKRO-Bi-Precio|Vigente Oculto Aceite Vegetal DELEITE | SKU: 20352677 Aceite Vegetal DELEITE Premium Bidón 5L Delivery Express Envío gratis Delivery Express 5un = 1Kg(aprox) | Este producto solo está disponible para “DELIVERY EXPRESS” , te llegará entre 60 a 90 min. Amplía la línea de crédito de tu tarjeta Precio x kg Precio Regular s/ 4 .99 Precio Online s/ 34 .50 -42% Tarjeta s/ 4 .99 Dcto. exclusivo -62% A partir de: 4 un S/34 .01 x un 1 un S/34 .50 Compra en cuotas, sin intereses con Tarjeta Oh! A partir de s/1999 en electro, colchones y deportes * Válido de 6 a 36 cuotas del 5 al 9 de julio. ¡Pide tu Tarjeta Oh! Calcula tus cuotas Elige el número de cuotas Sin cuotas 2 cuotas 3 cuotas 4 cuotas 5 cuotas 6 cuotas 7 cuotas 8 cuotas 9 cuotas 10 cuotas 11 cuotas 12 cuotas 13 cuotas 14 cuotas 15 cuotas 16 cuotas 17 cuotas 18 cuotas 19 cuotas 20 cuotas 21 cuotas 22 cuotas 23 cuotas 24 cuotas 25 cuotas 26 cuotas 27 cuotas 28 cuotas 29 cuotas 30 cuotas 31 cuotas 32 cuotas 33 cuotas 34 cuotas 35 cuotas 36 cuotas Pago mensual Solicita tu Tarjeta Oh! *El valor de la cuota podría variar en función a la fecha de facturación y pago del cliente. 20+ unidades disponibles PRODUCTO AGOTADO Elige la opción que deseas: - Adicionar Súper Garantía Sin Proteccion adicional *El costo de la garantía se aplica sobre el precio unitario. ¿Qué debemos considerar al comprar este producto? Puedes agregar una nota Agregar comentario Nota agregada 0.2kg S/ 16.92 - Cancelar + Aceptar PRODUCTO AGOTADO Agregar 20 + unidades disponibles Comprar Produto Esgotado Producto agotado Avíseme cuando el producto esté disponible Carregando... Cadastrado com sucesso, assim que o produto for disponibilizado você receberá um email avisando. Vendido y despachado por: Makro Términos y condiciones Tipo de entrega disponible: Delivery programado V",,1692,,,,unknown,
Aguarde...,"Aguarde... Seja Bem Vindo à Plaza Vea ¿Ya está registrado? Abarrotes Aceite Aceite Vegetal Aceite Vegetal PRIMOR | SKU: 20281566 Aceite Vegetal PRIMOR Clásico Botella 900ml Previous Next MAKRO-Bi-Precio|Vigente Oculto Aceite Vegetal PRIMOR | SKU: 20281566 Aceite Vegetal PRIMOR Clásico Botella 900ml Delivery Express Envío gratis Delivery Express 5un = 1Kg(aprox) | Este producto solo está disponible para “DELIVERY EXPRESS” , te llegará entre 60 a 90 min. Amplía la línea de crédito de tu tarjeta Precio x kg Precio Regular s/ 4 .99 Precio Online s/ 8 .80 -42% Tarjeta s/ 4 .99 Dcto. exclusivo -62% A partir de: 3 un S/8 .50 x un 1 un S/8 .80 Compra en cuotas, sin intereses con Tarjeta Oh! A partir de s/1999 en electro, colchones y deportes * Válido de 6 a 36 cuotas del 5 al 9 de julio. ¡Pide tu Tarjeta Oh! Calcula tus cuotas Elige el número de cuotas Sin cuotas 2 cuotas 3 cuotas 4 cuotas 5 cuotas 6 cuotas 7 cuotas 8 cuotas 9 cuotas 10 cuotas 11 cuotas 12 cuotas 13 cuotas 14 cuotas 15 cuotas 16 cuotas 17 cuotas 18 cuotas 19 cuotas 20 cuotas 21 cuotas 22 cuotas 23 cuotas 24 cuotas 25 cuotas 26 cuotas 27 cuotas 28 cuotas 29 cuotas 30 cuotas 31 cuotas 32 cuotas 33 cuotas 34 cuotas 35 cuotas 36 cuotas Pago mensual Solicita tu Tarjeta Oh! *El valor de la cuota podría variar en función a la fecha de facturación y pago del cliente. 20+ unidades disponibles PRODUCTO AGOTADO Elige la opción que deseas: - Adicionar Súper Garantía Sin Proteccion adicional *El costo de la garantía se aplica sobre el precio unitario. ¿Qué debemos considerar al comprar este producto? Puedes agregar una nota Agregar comentario Nota agregada 0.2kg S/ 16.92 - Cancelar + Aceptar PRODUCTO AGOTADO Agregar 20 + unidades disponibles Comprar Produto Esgotado Producto agotado Avíseme cuando el producto esté disponible Carregando... Cadastrado com sucesso, assim que o produto for disponibilizado você receberá um email avisando. Vendido y despachado por: Makro Términos y condiciones Tipo de entrega disponible: Deli",,1692,,,,unknown,
Aguarde...,"Aguarde... Seja Bem Vindo à Plaza Vea ¿Ya está registrado? Makro Lácteos y Huevos Leche Leche Fresca y UHT Larga Vida Leche Fresca y UHT Larga Vida | SKU: 145611 Leche GLORIA UHT Fresca niños 1 a 5 años Caja 1L MAKRO-Bi-Precio|Vigente Oculto Leche Fresca y UHT Larga Vida | SKU: 145611 Leche GLORIA UHT Fresca niños 1 a 5 años Caja 1L Delivery Express Envío gratis Delivery Express 5un = 1Kg(aprox) | Este producto solo está disponible para “DELIVERY EXPRESS” , te llegará entre 60 a 90 min. Amplía la línea de crédito de tu tarjeta Precio x kg Precio Regular s/ 4 .99 Precio Online s/ 4 .99 -42% Tarjeta s/ 4 .99 Dcto. exclusivo -62% Compra en cuotas, sin intereses con Tarjeta Oh! A partir de s/1999 en electro, colchones y deportes * Válido de 6 a 36 cuotas del 5 al 9 de julio. ¡Pide tu Tarjeta Oh! Calcula tus cuotas Elige el número de cuotas Sin cuotas 2 cuotas 3 cuotas 4 cuotas 5 cuotas 6 cuotas 7 cuotas 8 cuotas 9 cuotas 10 cuotas 11 cuotas 12 cuotas 13 cuotas 14 cuotas 15 cuotas 16 cuotas 17 cuotas 18 cuotas 19 cuotas 20 cuotas 21 cuotas 22 cuotas 23 cuotas 24 cuotas 25 cuotas 26 cuotas 27 cuotas 28 cuotas 29 cuotas 30 cuotas 31 cuotas 32 cuotas 33 cuotas 34 cuotas 35 cuotas 36 cuotas Pago mensual Solicita tu Tarjeta Oh! *El valor de la cuota podría variar en función a la fecha de facturación y pago del cliente. 2 unidades disponibles PRODUCTO AGOTADO Elige la opción que deseas: - Adicionar Súper Garantía Sin Proteccion adicional *El costo de la garantía se aplica sobre el precio unitario. ¿Qué debemos considerar al comprar este producto? Puedes agregar una nota Agregar comentario Nota agregada 0.2kg S/ 16.92 - Cancelar + Aceptar PRODUCTO AGOTADO Agregar 10 + unidades disponibles Comprar Produto Esgotado Producto agotado Avíseme cuando el producto esté disponible Carregando... Cadastrado com sucesso, assim que o produto for disponibilizado você receberá um email avisando. Vendido y despachado por: Métodos de pago: Pago online con Componentes del Producto Vendido por pl",,1692,,,,unknown,
Aguarde...,"Aguarde... Seja Bem Vindo à Plaza Vea ¿Ya está registrado? Lácteos y Huevos Leche Leche Fresca y UHT Larga Vida Leche Fresca y UHT Larga Vida VIGOR | SKU: 20469084 Leche sin Lactosa VIGOR Bolsa 800ml MAKRO-Bi-Precio|Vigente Oculto Leche Fresca y UHT Larga Vida VIGOR | SKU: 20469084 Leche sin Lactosa VIGOR Bolsa 800ml Delivery Express Envío gratis Delivery Express 5un = 1Kg(aprox) | Este producto solo está disponible para “DELIVERY EXPRESS” , te llegará entre 60 a 90 min. Amplía la línea de crédito de tu tarjeta Precio x kg Precio Regular s/ 4 .99 Precio Online s/ 4 .70 -42% Tarjeta s/ 4 .99 Dcto. exclusivo -62% A partir de: 12 un S/4 .61 x un 1 un S/4 .70 Compra en cuotas, sin intereses con Tarjeta Oh! A partir de s/1999 en electro, colchones y deportes * Válido de 6 a 36 cuotas del 5 al 9 de julio. ¡Pide tu Tarjeta Oh! Calcula tus cuotas Elige el número de cuotas Sin cuotas 2 cuotas 3 cuotas 4 cuotas 5 cuotas 6 cuotas 7 cuotas 8 cuotas 9 cuotas 10 cuotas 11 cuotas 12 cuotas 13 cuotas 14 cuotas 15 cuotas 16 cuotas 17 cuotas 18 cuotas 19 cuotas 20 cuotas 21 cuotas 22 cuotas 23 cuotas 24 cuotas 25 cuotas 26 cuotas 27 cuotas 28 cuotas 29 cuotas 30 cuotas 31 cuotas 32 cuotas 33 cuotas 34 cuotas 35 cuotas 36 cuotas Pago mensual Solicita tu Tarjeta Oh! *El valor de la cuota podría variar en función a la fecha de facturación y pago del cliente. 20+ unidades disponibles PRODUCTO AGOTADO Elige la opción que deseas: - Adicionar Súper Garantía Sin Proteccion adicional *El costo de la garantía se aplica sobre el precio unitario. ¿Qué debemos considerar al comprar este producto? Puedes agregar una nota Agregar comentario Nota agregada 0.2kg S/ 16.92 - Cancelar + Aceptar PRODUCTO AGOTADO Agregar 20 + unidades disponibles Comprar Produto Esgotado Producto agotado Avíseme cuando el producto esté disponible Carregando... Cadastrado com sucesso, assim que o produto for disponibilizado você receberá um email avisando. Vendido y despachado por: Makro Términos y condiciones Tipo de entr",,1692,,,,unknown,
¡Lo mejor te está esperando!,"¡Lo mejor te está esperando! Descarga la app Departamentos Inicia sesión Ofertas de la semana Listas Alsuper Club Alsuper Alsuper card Estás en Alsuper Plus Leones 90 min Inicio > Lácteos Y Huevo > Leche > Leche Uht Entera Santa Clara 1 Lt Detalles: La Leche UHT Entera Santa Clara de 1 litro es la elección perfecta para una alimentación saludable y equilibrada. Con su sabor delicioso y su textura cremosa, esta leche es ideal para disfrutar sola o para usar en tus recetas ... Ver más Leche Uht Entera Santa Clara 1 Lt $37.90 Súper Mix 2 x $65 - Ver más Agregar al carrito Favoritos Agregar a una lista Recomendados 2 x $65 $37.90 Leche Uht Deslactosada Semidescremad... 1 LT Agregar 2 x $65 $37.90 Leche Uht Deslactosada Light Baja En... 1 LT Agregar 2 x $80 $42.90 Leche Uht 100 Sin Lactosa Reducida E... 1 LT Agregar 2 x $80 $42.90 Leche Uht 100 Sin Lactosa Semidescre... 1 LT Agregar 2 x $65 $37.90 Leche Uht Entera Santa Clara... 1 LT Agregar 3 x $125 $52.90 Leche Uht Deslactosada Semi Lala 1... 1.5 LT Agregar 2 x $65 $37.90 Leche Uht Deslactosada Santa Clara... 1 LT Agregar 2 x $55 $34.90 Leche Uht Entera Premium Zaragoza ... 1 LT Agregar 3 x $125 $52.90 Leche Uht Deslactosada Lala 1.5 L... 1.5 LT Agregar 2 x $65 $37.90 Leche Uht Deslactosada Light San... 1 LT Agregar 2 x $55 $34.90 Leche Uht Deslactosada Zaragoza ... 1 LT Agregar 2 x $65 $37.90 Leche Uht Light Baja En Grasa Lal... 1 LT Agregar 3 x $125 $54.90 Leche Uht Entera Lala 1.5 Lt 1.5 LT Agregar 2 x $80 $42.90 Leche Uht 100 Sin Lactosa Reducida E... 1 LT Agregar 2 x $55 $34.90 Leche Uht Ultrapasteurizada Optima... 1 LT Agregar $169.90 $199.90 Leche Uht Deslactosada Light Baja En... 6 LT Agregar $30.90 $32.90 Leche Uht Deslactosada Borden 1... 1 LT Agregar $30.90 $32.90 Leche Uht Entera Borden 1 Lt 1 LT Agregar $32.90 $39.90 Leche Uht Entera Alpura 1 Lt 1 LT Agregar 2 x $55 $34.90 Leche Uht Light Zaragoza 1 Lt 1 LT Agregar $33.90 $39.90 Leche Uht Deslactosada Alpura 1... 1 LT Agregar 2 x $80 $42.90 Leche Uht 100 S",,3790,,,,unknown,
Aguarde...,"Aguarde... Cambio de modalidad jainernieto@gmail.com. No soy yo. ¡Hola! Jose Este producto es exclusivo para “DELIVERY PROGRAMADO” ¿Qué deseas hacer? Seguir en: DELIVERY EXPRESS Pedido de 60 a 90 min. Tu última compra registrada. Cambiar a: DELIVERY PROGRAMADO Programa la fecha y hora Tu última compra registrada. Seja Bem Vindo à Plaza Vea ¿Ya está registrado? Estos productos no cuentan con el método Despacho en 48 hrs, puedes apagar el switch o cambiar tu método de entrega. Error 404: Lo sentimos, pero la página que buscas no existe. Por favor, dirígete a cualquiera de nuestras páginas: Ofertas Supermercado Ofertas Electro y hogar Catálogo de Productos Nuestra tiendas Vea club O puedes regresar a la PÁGINA DE INICIO DELIVERY EXPRESS A TUS MANOS LO MÁS PRONTO POSIBLE DISPONIBLE PARA: Barranco, Breña, Chorrillos, Jesús María, La Molina, Lince, Los Olivos, Magdalena del Mar, Miraflores, Pueblo Libre, San Borja, San Isidro, San Miguel, San Juan De Lurigancho, Surquillo y Santiago de Surco. En tu puerta de 60 a 90 min. Sólo para productos seleccionados Máximo hasta 10 unidades Pedidos de 8:00 a 21:30 hrs. y reparto hasta las 22:30 hrs. Mira qué productos tienen este servicio: Identifica nuestros productos para Delivery Express con: Delivery Express ¡A COMPRAR! ¡UPS!... Revisemos el carrito... Has superado el límite permitido para DELIVERY EXPRESS , ¿Deseas cambiar de modalidad? Máximo 10 productos Mantener DELIVERY EXPRESS No se agregará el producto y tu pedido llegará en el mismo día. Cambiar a DELIVERY PROGRAMADO Agregar todas las unidades programa por fecha y hora la entregas. CONTINUAR Cambio de modalidad El producto es exclusivo para Delivery Express ¿Qué deseas hacer? Mantener DELIVERY PROGRAMADO Agrega todas las unidades y; programa por fecha y hora la entregas. Cambiar a DELIVERY EXPRESS Solo se permiten 10 productos max. y tu pedido llegará de 60 a 90 min. Si cambias de modalidad, revisa tu carrito, es posible que algunos productos ya no tengan stock o su preci",,1899,,,,unknown,
Aguarde...,"Aguarde... Seja Bem Vindo à Plaza Vea ¿Ya está registrado? Lácteos y Huevos Leche Leche Fresca y UHT Larga Vida Leche Fresca y UHT Larga Vida LAIVE | SKU: 2568 Leche UHT LAIVE Entera Light Bolsa 900ml MAKRO-Bi-Precio|Vigente Oculto Leche Fresca y UHT Larga Vida LAIVE | SKU: 2568 Leche UHT LAIVE Entera Light Bolsa 900ml Delivery Express Envío gratis Delivery Express 5un = 1Kg(aprox) | Este producto solo está disponible para “DELIVERY EXPRESS” , te llegará entre 60 a 90 min. Amplía la línea de crédito de tu tarjeta Precio x kg Precio Regular s/ 4 .99 Precio Online s/ 4 .80 -42% Tarjeta s/ 4 .99 Dcto. exclusivo -62% A partir de: 3 un S/4 .78 x un 1 un S/4 .80 Compra en cuotas, sin intereses con Tarjeta Oh! A partir de s/1999 en electro, colchones y deportes * Válido de 6 a 36 cuotas del 5 al 9 de julio. ¡Pide tu Tarjeta Oh! Calcula tus cuotas Elige el número de cuotas Sin cuotas 2 cuotas 3 cuotas 4 cuotas 5 cuotas 6 cuotas 7 cuotas 8 cuotas 9 cuotas 10 cuotas 11 cuotas 12 cuotas 13 cuotas 14 cuotas 15 cuotas 16 cuotas 17 cuotas 18 cuotas 19 cuotas 20 cuotas 21 cuotas 22 cuotas 23 cuotas 24 cuotas 25 cuotas 26 cuotas 27 cuotas 28 cuotas 29 cuotas 30 cuotas 31 cuotas 32 cuotas 33 cuotas 34 cuotas 35 cuotas 36 cuotas Pago mensual Solicita tu Tarjeta Oh! *El valor de la cuota podría variar en función a la fecha de facturación y pago del cliente. 20+ unidades disponibles PRODUCTO AGOTADO Elige la opción que deseas: - Adicionar Súper Garantía Sin Proteccion adicional *El costo de la garantía se aplica sobre el precio unitario. ¿Qué debemos considerar al comprar este producto? Puedes agregar una nota Agregar comentario Nota agregada 0.2kg S/ 16.92 - Cancelar + Aceptar PRODUCTO AGOTADO Agregar 20 + unidades disponibles Comprar Produto Esgotado Producto agotado Avíseme cuando el producto esté disponible Carregando... Cadastrado com sucesso, assim que o produto for disponibilizado você receberá um email avisando. Vendido y despachado por: Makro Términos y condiciones Tipo de ent",,1692,,,,unknown,
Aguarde...,"Aguarde... Seja Bem Vindo à Plaza Vea ¿Ya está registrado? Lácteos y Huevos Leche Leche Fresca y UHT Larga Vida Leche Fresca y UHT Larga Vida DANLAC | SKU: 28547 Leche Fresca DANLAC Botella 900ml MAKRO-Bi-Precio|Vigente Oculto Recicla Consciente Vea Days Supermercado marzo | Ver todo Leche Fresca y UHT Larga Vida DANLAC | SKU: 28547 Leche Fresca DANLAC Botella 900ml Delivery Express Envío gratis Delivery Express 5un = 1Kg(aprox) | Este producto solo está disponible para “DELIVERY EXPRESS” , te llegará entre 60 a 90 min. Amplía la línea de crédito de tu tarjeta Precio x kg Precio Regular s/ 4 .99 Precio Online s/ 7 .30 -42% Tarjeta s/ 4 .99 Dcto. exclusivo -62% A partir de: 6 un S/7 .23 x un 1 un S/7 .30 Compra en cuotas, sin intereses con Tarjeta Oh! A partir de s/1999 en electro, colchones y deportes * Válido de 6 a 36 cuotas del 5 al 9 de julio. ¡Pide tu Tarjeta Oh! Calcula tus cuotas Elige el número de cuotas Sin cuotas 2 cuotas 3 cuotas 4 cuotas 5 cuotas 6 cuotas 7 cuotas 8 cuotas 9 cuotas 10 cuotas 11 cuotas 12 cuotas 13 cuotas 14 cuotas 15 cuotas 16 cuotas 17 cuotas 18 cuotas 19 cuotas 20 cuotas 21 cuotas 22 cuotas 23 cuotas 24 cuotas 25 cuotas 26 cuotas 27 cuotas 28 cuotas 29 cuotas 30 cuotas 31 cuotas 32 cuotas 33 cuotas 34 cuotas 35 cuotas 36 cuotas Pago mensual Solicita tu Tarjeta Oh! *El valor de la cuota podría variar en función a la fecha de facturación y pago del cliente. 20+ unidades disponibles PRODUCTO AGOTADO Elige la opción que deseas: - Adicionar Súper Garantía Sin Proteccion adicional *El costo de la garantía se aplica sobre el precio unitario. ¿Qué debemos considerar al comprar este producto? Puedes agregar una nota Agregar comentario Nota agregada 0.2kg S/ 16.92 - Cancelar + Aceptar PRODUCTO AGOTADO Agregar 20 + unidades disponibles Comprar Produto Esgotado Producto agotado Avíseme cuando el producto esté disponible Carregando... Cadastrado com sucesso, assim que o produto for disponibilizado você receberá um email avisando. Vendido y despacha",,1692,,,,unknown,
Aguarde...,"Aguarde... Seja Bem Vindo à Plaza Vea ¿Ya está registrado? Lácteos y Huevos Huevos Huevos ARO | SKU: 20211794 Huevo Rosado Con Dha ARO Paquete 30un Huevos ARO | SKU: 20211794 Huevo Rosado Con Dha ARO Paquete 30un Delivery Express Envío gratis Delivery Express 5un = 1Kg(aprox) | Este producto solo está disponible para “DELIVERY EXPRESS” , te llegará entre 60 a 90 min. Amplía la línea de crédito de tu tarjeta Precio x kg Precio Regular s/ 4 .99 Precio Online s/ 13 .90 -42% Tarjeta s/ 4 .99 Dcto. exclusivo -62% A partir de: 1 un S/13 .90 Compra en cuotas, sin intereses con Tarjeta Oh! A partir de s/1999 en electro, colchones y deportes * Válido de 6 a 36 cuotas del 5 al 9 de julio. ¡Pide tu Tarjeta Oh! Calcula tus cuotas Elige el número de cuotas Sin cuotas 2 cuotas 3 cuotas 4 cuotas 5 cuotas 6 cuotas 7 cuotas 8 cuotas 9 cuotas 10 cuotas 11 cuotas 12 cuotas 13 cuotas 14 cuotas 15 cuotas 16 cuotas 17 cuotas 18 cuotas 19 cuotas 20 cuotas 21 cuotas 22 cuotas 23 cuotas 24 cuotas 25 cuotas 26 cuotas 27 cuotas 28 cuotas 29 cuotas 30 cuotas 31 cuotas 32 cuotas 33 cuotas 34 cuotas 35 cuotas 36 cuotas Pago mensual Solicita tu Tarjeta Oh! *El valor de la cuota podría variar en función a la fecha de facturación y pago del cliente. 20+ unidades disponibles PRODUCTO AGOTADO Elige la opción que deseas: - Adicionar Súper Garantía Sin Proteccion adicional *El costo de la garantía se aplica sobre el precio unitario. ¿Qué debemos considerar al comprar este producto? Puedes agregar una nota Agregar comentario Nota agregada 0.2kg S/ 16.92 - Cancelar + Aceptar PRODUCTO AGOTADO Agregar 20 + unidades disponibles Comprar Produto Esgotado Producto agotado Avíseme cuando el producto esté disponible Carregando... Cadastrado com sucesso, assim que o produto for disponibilizado você receberá um email avisando. Vendido y despachado por: Makro Términos y condiciones Tipo de entrega disponible: Delivery programado Ver más distritos Vea al auto Ver tiendas Métodos de pago: Pago online con ¡Pide tu Tar",,1692,,,,unknown,
Aguarde...,"Aguarde... Seja Bem Vindo à Plaza Vea ¿Ya está registrado? Abarrotes Azúcar y Endulzantes Azúcar Rubia Azúcar Rubia ARO | SKU: 20283175 Azúcar Rubia ARO Bolsa 5Kg MAKRO-Bi-Precio|Vigente Oculto Azúcar Rubia ARO | SKU: 20283175 Azúcar Rubia ARO Bolsa 5Kg Delivery Express Envío gratis Delivery Express 5un = 1Kg(aprox) | Este producto solo está disponible para “DELIVERY EXPRESS” , te llegará entre 60 a 90 min. Amplía la línea de crédito de tu tarjeta Precio x kg Precio Regular s/ 18 .60 Precio Online s/ 17 .90 -3% Tarjeta s/ 4 .99 Dcto. exclusivo -62% A partir de: 2 un S/16 .70 x un 1 un S/17 .90 Compra en cuotas, sin intereses con Tarjeta Oh! A partir de s/1999 en electro, colchones y deportes * Válido de 6 a 36 cuotas del 5 al 9 de julio. ¡Pide tu Tarjeta Oh! Calcula tus cuotas Elige el número de cuotas Sin cuotas 2 cuotas 3 cuotas 4 cuotas 5 cuotas 6 cuotas 7 cuotas 8 cuotas 9 cuotas 10 cuotas 11 cuotas 12 cuotas 13 cuotas 14 cuotas 15 cuotas 16 cuotas 17 cuotas 18 cuotas 19 cuotas 20 cuotas 21 cuotas 22 cuotas 23 cuotas 24 cuotas 25 cuotas 26 cuotas 27 cuotas 28 cuotas 29 cuotas 30 cuotas 31 cuotas 32 cuotas 33 cuotas 34 cuotas 35 cuotas 36 cuotas Pago mensual Solicita tu Tarjeta Oh! *El valor de la cuota podría variar en función a la fecha de facturación y pago del cliente. 20+ unidades disponibles PRODUCTO AGOTADO Elige la opción que deseas: - Adicionar Súper Garantía Sin Proteccion adicional *El costo de la garantía se aplica sobre el precio unitario. ¿Qué debemos considerar al comprar este producto? Puedes agregar una nota Agregar comentario Nota agregada 0.2kg S/ 16.92 - Cancelar + Aceptar PRODUCTO AGOTADO Agregar 20 + unidades disponibles Comprar Produto Esgotado Producto agotado Avíseme cuando el producto esté disponible Carregando... Cadastrado com sucesso, assim que o produto for disponibilizado você receberá um email avisando. Vendido y despachado por: Makro Términos y condiciones Tipo de entrega disponible: Delivery programado Ver más distritos Vea al au",,1692,,,,unknown,
Aguarde...,"Aguarde... Seja Bem Vindo à Plaza Vea ¿Ya está registrado? Abarrotes Azúcar y Endulzantes Azúcar Rubia Azúcar Rubia CARTAVIO | SKU: 20184801 Azúcar Rubia CARTAVIO Bolsa 5Kg MAKRO-Bi-Precio|Vigente Oculto Vea Days Supermercado marzo | Ver todo Azúcar Rubia CARTAVIO | SKU: 20184801 Azúcar Rubia CARTAVIO Bolsa 5Kg Delivery Express Envío gratis Delivery Express 5un = 1Kg(aprox) | Este producto solo está disponible para “DELIVERY EXPRESS” , te llegará entre 60 a 90 min. Amplía la línea de crédito de tu tarjeta Precio x kg Precio Regular s/ 21 .90 Precio Online s/ 21 .50 -1% Tarjeta s/ 4 .99 Dcto. exclusivo -62% A partir de: 4 un S/21 .20 x un 1 un S/21 .50 Compra en cuotas, sin intereses con Tarjeta Oh! A partir de s/1999 en electro, colchones y deportes * Válido de 6 a 36 cuotas del 5 al 9 de julio. ¡Pide tu Tarjeta Oh! Calcula tus cuotas Elige el número de cuotas Sin cuotas 2 cuotas 3 cuotas 4 cuotas 5 cuotas 6 cuotas 7 cuotas 8 cuotas 9 cuotas 10 cuotas 11 cuotas 12 cuotas 13 cuotas 14 cuotas 15 cuotas 16 cuotas 17 cuotas 18 cuotas 19 cuotas 20 cuotas 21 cuotas 22 cuotas 23 cuotas 24 cuotas 25 cuotas 26 cuotas 27 cuotas 28 cuotas 29 cuotas 30 cuotas 31 cuotas 32 cuotas 33 cuotas 34 cuotas 35 cuotas 36 cuotas Pago mensual Solicita tu Tarjeta Oh! *El valor de la cuota podría variar en función a la fecha de facturación y pago del cliente. 20+ unidades disponibles PRODUCTO AGOTADO Elige la opción que deseas: - Adicionar Súper Garantía Sin Proteccion adicional *El costo de la garantía se aplica sobre el precio unitario. ¿Qué debemos considerar al comprar este producto? Puedes agregar una nota Agregar comentario Nota agregada 0.2kg S/ 16.92 - Cancelar + Aceptar PRODUCTO AGOTADO Agregar 20 + unidades disponibles Comprar Produto Esgotado Producto agotado Avíseme cuando el producto esté disponible Carregando... Cadastrado com sucesso, assim que o produto for disponibilizado você receberá um email avisando. Vendido y despachado por: Makro Términos y condiciones Tipo de entrega ",,1692,,,,unknown,
Aguarde...,"Aguarde... Seja Bem Vindo à Plaza Vea ¿Ya está registrado? Abarrotes Azúcar y Endulzantes Azúcar Rubia Azúcar Rubia DULFINA | SKU: 20085254 Azúcar Rubia DULFINA Bolsa 1Kg MAKRO-Bi-Precio|Vigente Oculto Azúcar Rubia DULFINA | SKU: 20085254 Azúcar Rubia DULFINA Bolsa 1Kg Delivery Express Envío gratis Delivery Express 5un = 1Kg(aprox) | Este producto solo está disponible para “DELIVERY EXPRESS” , te llegará entre 60 a 90 min. Amplía la línea de crédito de tu tarjeta Precio x kg Precio Regular s/ 4 .99 Precio Online s/ 5 .00 -42% Tarjeta s/ 4 .99 Dcto. exclusivo -62% A partir de: 3 un S/4 .80 x un 1 un S/5 Compra en cuotas, sin intereses con Tarjeta Oh! A partir de s/1999 en electro, colchones y deportes * Válido de 6 a 36 cuotas del 5 al 9 de julio. ¡Pide tu Tarjeta Oh! Calcula tus cuotas Elige el número de cuotas Sin cuotas 2 cuotas 3 cuotas 4 cuotas 5 cuotas 6 cuotas 7 cuotas 8 cuotas 9 cuotas 10 cuotas 11 cuotas 12 cuotas 13 cuotas 14 cuotas 15 cuotas 16 cuotas 17 cuotas 18 cuotas 19 cuotas 20 cuotas 21 cuotas 22 cuotas 23 cuotas 24 cuotas 25 cuotas 26 cuotas 27 cuotas 28 cuotas 29 cuotas 30 cuotas 31 cuotas 32 cuotas 33 cuotas 34 cuotas 35 cuotas 36 cuotas Pago mensual Solicita tu Tarjeta Oh! *El valor de la cuota podría variar en función a la fecha de facturación y pago del cliente. 20+ unidades disponibles PRODUCTO AGOTADO Elige la opción que deseas: - Adicionar Súper Garantía Sin Proteccion adicional *El costo de la garantía se aplica sobre el precio unitario. ¿Qué debemos considerar al comprar este producto? Puedes agregar una nota Agregar comentario Nota agregada 0.2kg S/ 16.92 - Cancelar + Aceptar PRODUCTO AGOTADO Agregar 20 + unidades disponibles Comprar Produto Esgotado Producto agotado Avíseme cuando el producto esté disponible Carregando... Cadastrado com sucesso, assim que o produto for disponibilizado você receberá um email avisando. Vendido y despachado por: Makro Términos y condiciones Tipo de entrega disponible: Delivery programado Ver más distritos ",,1692,,,,unknown,
Aguarde...,"Aguarde... Seja Bem Vindo à Plaza Vea ¿Ya está registrado? Abarrotes Azúcar y Endulzantes Azúcar Blanca Azúcar Blanca M&K | SKU: 20283177 Azúcar Blanca M&K Bolsa 1Kg MAKRO-Bi-Precio|Vigente Oculto Azúcar Blanca M&K | SKU: 20283177 Azúcar Blanca M&K Bolsa 1Kg Delivery Express Envío gratis Delivery Express 5un = 1Kg(aprox) | Este producto solo está disponible para “DELIVERY EXPRESS” , te llegará entre 60 a 90 min. Amplía la línea de crédito de tu tarjeta Precio x kg Precio Regular s/ 4 .99 Precio Online s/ 4 .50 -42% Tarjeta s/ 4 .99 Dcto. exclusivo -62% A partir de: 3 un S/4 .40 x un 1 un S/4 .50 Compra en cuotas, sin intereses con Tarjeta Oh! A partir de s/1999 en electro, colchones y deportes * Válido de 6 a 36 cuotas del 5 al 9 de julio. ¡Pide tu Tarjeta Oh! Calcula tus cuotas Elige el número de cuotas Sin cuotas 2 cuotas 3 cuotas 4 cuotas 5 cuotas 6 cuotas 7 cuotas 8 cuotas 9 cuotas 10 cuotas 11 cuotas 12 cuotas 13 cuotas 14 cuotas 15 cuotas 16 cuotas 17 cuotas 18 cuotas 19 cuotas 20 cuotas 21 cuotas 22 cuotas 23 cuotas 24 cuotas 25 cuotas 26 cuotas 27 cuotas 28 cuotas 29 cuotas 30 cuotas 31 cuotas 32 cuotas 33 cuotas 34 cuotas 35 cuotas 36 cuotas Pago mensual Solicita tu Tarjeta Oh! *El valor de la cuota podría variar en función a la fecha de facturación y pago del cliente. 20+ unidades disponibles PRODUCTO AGOTADO Elige la opción que deseas: - Adicionar Súper Garantía Sin Proteccion adicional *El costo de la garantía se aplica sobre el precio unitario. ¿Qué debemos considerar al comprar este producto? Puedes agregar una nota Agregar comentario Nota agregada 0.2kg S/ 16.92 - Cancelar + Aceptar PRODUCTO AGOTADO Agregar 20 + unidades disponibles Comprar Produto Esgotado Producto agotado Avíseme cuando el producto esté disponible Carregando... Cadastrado com sucesso, assim que o produto for disponibilizado você receberá um email avisando. Vendido y despachado por: Makro Términos y condiciones Tipo de entrega disponible: Delivery programado Ver más distritos Vea al ",,1692,,,,unknown,
Aguarde...,"Aguarde... Makro Abarrotes Azúcar y Endulzantes Azúcar Rubia Azúcar Rubia | SKU: 20211720 Azúcar Rubia San Jacinto 25 Kg Azúcar Rubia | SKU: 20211720 Azúcar Rubia San Jacinto 25 Kg Delivery Express Envío gratis Delivery Express 5un = 1Kg(aprox) | Este producto solo está disponible para “DELIVERY EXPRESS” , te llegará entre 60 a 90 min. Amplía la línea de crédito de tu tarjeta Precio x kg Precio Regular s/ 4 .99 Precio Online s/ 4 .99 -42% Tarjeta s/ 4 .99 Dcto. exclusivo -62% Compra en cuotas, sin intereses con Tarjeta Oh! A partir de s/1999 en electro, colchones y deportes * Válido de 6 a 36 cuotas del 5 al 9 de julio. ¡Pide tu Tarjeta Oh! Calcula tus cuotas Elige el número de cuotas Sin cuotas 2 cuotas 3 cuotas 4 cuotas 5 cuotas 6 cuotas 7 cuotas 8 cuotas 9 cuotas 10 cuotas 11 cuotas 12 cuotas 13 cuotas 14 cuotas 15 cuotas 16 cuotas 17 cuotas 18 cuotas 19 cuotas 20 cuotas 21 cuotas 22 cuotas 23 cuotas 24 cuotas 25 cuotas 26 cuotas 27 cuotas 28 cuotas 29 cuotas 30 cuotas 31 cuotas 32 cuotas 33 cuotas 34 cuotas 35 cuotas 36 cuotas Pago mensual Solicita tu Tarjeta Oh! *El valor de la cuota podría variar en función a la fecha de facturación y pago del cliente. 2 unidades disponibles PRODUCTO AGOTADO Elige la opción que deseas: - Adicionar Súper Garantía Sin Proteccion adicional *El costo de la garantía se aplica sobre el precio unitario. ¿Qué debemos considerar al comprar este producto? Puedes agregar una nota Agregar comentario Nota agregada 0.2kg S/ 16.92 - Cancelar + Aceptar PRODUCTO AGOTADO Agregar 10 + unidades disponibles Comprar Produto Esgotado Producto agotado Avíseme cuando el producto esté disponible Carregando... Cadastrado com sucesso, assim que o produto for disponibilizado você receberá um email avisando. Vendido y despachado por: Métodos de pago: Pago online con Componentes del Producto Vendido por plazaVea En caso algo no vaya como gustes: Puedes revisar nuestras Politicas de cambios y/o devoluciones y hacerlas efectivas en todas nuestras tiendas. Pro",,1692,,,,unknown,
Aguarde...,"Aguarde... Seja Bem Vindo à Plaza Vea ¿Ya está registrado? Panadería y Pastelería Pan Envasado Pan de Molde Pan de Molde ARO | SKU: 20211806 Pan Molde Integral ARO Bolsa 600g Pan de Molde ARO | SKU: 20211806 Pan Molde Integral ARO Bolsa 600g Delivery Express Envío gratis Delivery Express 5un = 1Kg(aprox) | Este producto solo está disponible para “DELIVERY EXPRESS” , te llegará entre 60 a 90 min. Amplía la línea de crédito de tu tarjeta Precio x kg Precio Regular s/ 4 .99 Precio Online s/ 9 .29 -42% Tarjeta s/ 4 .99 Dcto. exclusivo -62% A partir de: 2 un S/8 .83 x un 1 un S/9 .29 Compra en cuotas, sin intereses con Tarjeta Oh! A partir de s/1999 en electro, colchones y deportes * Válido de 6 a 36 cuotas del 5 al 9 de julio. ¡Pide tu Tarjeta Oh! Calcula tus cuotas Elige el número de cuotas Sin cuotas 2 cuotas 3 cuotas 4 cuotas 5 cuotas 6 cuotas 7 cuotas 8 cuotas 9 cuotas 10 cuotas 11 cuotas 12 cuotas 13 cuotas 14 cuotas 15 cuotas 16 cuotas 17 cuotas 18 cuotas 19 cuotas 20 cuotas 21 cuotas 22 cuotas 23 cuotas 24 cuotas 25 cuotas 26 cuotas 27 cuotas 28 cuotas 29 cuotas 30 cuotas 31 cuotas 32 cuotas 33 cuotas 34 cuotas 35 cuotas 36 cuotas Pago mensual Solicita tu Tarjeta Oh! *El valor de la cuota podría variar en función a la fecha de facturación y pago del cliente. 0+ unidades disponibles PRODUCTO AGOTADO Elige la opción que deseas: - Adicionar Súper Garantía Sin Proteccion adicional *El costo de la garantía se aplica sobre el precio unitario. ¿Qué debemos considerar al comprar este producto? Puedes agregar una nota Agregar comentario Nota agregada 0.2kg S/ 16.92 - Cancelar + Aceptar PRODUCTO AGOTADO Agregar 0 + unidades disponibles Comprar Produto Esgotado Producto agotado Avíseme cuando el producto esté disponible Carregando... Cadastrado com sucesso, assim que o produto for disponibilizado você receberá um email avisando. Vendido y despachado por: Makro Términos y condiciones Tipo de entrega disponible: Delivery programado Ver más distritos Vea al auto Ver tiendas Mé",,1692,,,,unknown,
¡Lo mejor te está esperando!,¡Lo mejor te está esperando! Descarga la app Departamentos Inicia sesión Ofertas de la semana Listas Alsuper Club Alsuper Alsuper card Estás en Alsuper Plus Leones 90 min Inicio > Lácteos Y Huevo > Leche > Leche Uht Entera Borden 1 Lt Detalles: Complementa tus comidas con el delicioso sabor de la Leche Borden Entera. Deleita a tu familia con una leche que se adaptarán a su estilo de vida y alimentación equilibrada. ¡Disfrútala en cualquier momento del día! Compra ... Ver más Leche Uht Entera Borden 1 Lt $30.90 $32.90 Agregar al carrito Favoritos Agregar a una lista Recomendados 2 x $65 $37.90 Leche Uht Deslactosada Semidescremad... 1 LT Agregar 2 x $65 $37.90 Leche Uht Deslactosada Light Baja En... 1 LT Agregar 2 x $80 $42.90 Leche Uht 100 Sin Lactosa Reducida E... 1 LT Agregar 2 x $80 $42.90 Leche Uht 100 Sin Lactosa Semidescre... 1 LT Agregar 2 x $65 $37.90 Leche Uht Entera Santa Clara... 1 LT Agregar 3 x $125 $52.90 Leche Uht Deslactosada Semi Lala 1... 1.5 LT Agregar 2 x $65 $37.90 Leche Uht Deslactosada Santa Clara... 1 LT Agregar 2 x $55 $34.90 Leche Uht Entera Premium Zaragoza ... 1 LT Agregar 3 x $125 $52.90 Leche Uht Deslactosada Lala 1.5 L... 1.5 LT Agregar 2 x $65 $37.90 Leche Uht Deslactosada Light San... 1 LT Agregar 2 x $55 $34.90 Leche Uht Deslactosada Zaragoza ... 1 LT Agregar 2 x $65 $37.90 Leche Uht Light Baja En Grasa Lal... 1 LT Agregar 3 x $125 $54.90 Leche Uht Entera Lala 1.5 Lt 1.5 LT Agregar 2 x $80 $42.90 Leche Uht 100 Sin Lactosa Reducida E... 1 LT Agregar 2 x $55 $34.90 Leche Uht Ultrapasteurizada Optima... 1 LT Agregar $169.90 $199.90 Leche Uht Deslactosada Light Baja En... 6 LT Agregar $30.90 $32.90 Leche Uht Deslactosada Borden 1... 1 LT Agregar $30.90 $32.90 Leche Uht Entera Borden 1 Lt 1 LT Agregar $32.90 $39.90 Leche Uht Entera Alpura 1 Lt 1 LT Agregar 2 x $55 $34.90 Leche Uht Light Zaragoza 1 Lt 1 LT Agregar $33.90 $39.90 Leche Uht Deslactosada Alpura 1... 1 LT Agregar 2 x $80 $42.90 Leche Uht 100 Sin Lactosa Semidescre... 1 LT Agre,,3090,,,,unknown,
Aguarde...,"Aguarde... Seja Bem Vindo à Plaza Vea ¿Ya está registrado? Panadería y Pastelería Pan Envasado Pan de Molde Pan de Molde UNIÓN | SKU: 108065 Pan de Molde Integral UNIÓN Bolsa 495g MAKRO-Bi-Precio|Vigente Oculto Pan de Molde UNIÓN | SKU: 108065 Pan de Molde Integral UNIÓN Bolsa 495g Delivery Express Envío gratis Delivery Express 5un = 1Kg(aprox) | Este producto solo está disponible para “DELIVERY EXPRESS” , te llegará entre 60 a 90 min. Amplía la línea de crédito de tu tarjeta Precio x kg Precio Regular s/ 4 .99 Precio Online s/ 11 .50 -42% Tarjeta s/ 4 .99 Dcto. exclusivo -62% A partir de: 3 un S/11 .27 x un 1 un S/11 .50 Compra en cuotas, sin intereses con Tarjeta Oh! A partir de s/1999 en electro, colchones y deportes * Válido de 6 a 36 cuotas del 5 al 9 de julio. ¡Pide tu Tarjeta Oh! Calcula tus cuotas Elige el número de cuotas Sin cuotas 2 cuotas 3 cuotas 4 cuotas 5 cuotas 6 cuotas 7 cuotas 8 cuotas 9 cuotas 10 cuotas 11 cuotas 12 cuotas 13 cuotas 14 cuotas 15 cuotas 16 cuotas 17 cuotas 18 cuotas 19 cuotas 20 cuotas 21 cuotas 22 cuotas 23 cuotas 24 cuotas 25 cuotas 26 cuotas 27 cuotas 28 cuotas 29 cuotas 30 cuotas 31 cuotas 32 cuotas 33 cuotas 34 cuotas 35 cuotas 36 cuotas Pago mensual Solicita tu Tarjeta Oh! *El valor de la cuota podría variar en función a la fecha de facturación y pago del cliente. 20+ unidades disponibles PRODUCTO AGOTADO Elige la opción que deseas: - Adicionar Súper Garantía Sin Proteccion adicional *El costo de la garantía se aplica sobre el precio unitario. ¿Qué debemos considerar al comprar este producto? Puedes agregar una nota Agregar comentario Nota agregada 0.2kg S/ 16.92 - Cancelar + Aceptar PRODUCTO AGOTADO Agregar 20 + unidades disponibles Comprar Produto Esgotado Producto agotado Avíseme cuando el producto esté disponible Carregando... Cadastrado com sucesso, assim que o produto for disponibilizado você receberá um email avisando. Vendido y despachado por: Makro Términos y condiciones Tipo de entrega disponible: Delivery programad",,1692,,,,unknown,
Aguarde...,"Aguarde... Seja Bem Vindo à Plaza Vea ¿Ya está registrado? Panadería y Pastelería Pan Envasado Pan de Molde Pan de Molde PYC | SKU: 20098341 Pan de Molde Integral PYC Mediano Bolsa 500g MAKRO-Bi-Precio|Vigente Oculto Pan de Molde PYC | SKU: 20098341 Pan de Molde Integral PYC Mediano Bolsa 500g Delivery Express Envío gratis Delivery Express 5un = 1Kg(aprox) | Este producto solo está disponible para “DELIVERY EXPRESS” , te llegará entre 60 a 90 min. Amplía la línea de crédito de tu tarjeta Precio x kg Precio Regular s/ 4 .99 Precio Online s/ 8 .90 -42% Tarjeta s/ 4 .99 Dcto. exclusivo -62% A partir de: 3 un S/8 .72 x un 1 un S/8 .90 Compra en cuotas, sin intereses con Tarjeta Oh! A partir de s/1999 en electro, colchones y deportes * Válido de 6 a 36 cuotas del 5 al 9 de julio. ¡Pide tu Tarjeta Oh! Calcula tus cuotas Elige el número de cuotas Sin cuotas 2 cuotas 3 cuotas 4 cuotas 5 cuotas 6 cuotas 7 cuotas 8 cuotas 9 cuotas 10 cuotas 11 cuotas 12 cuotas 13 cuotas 14 cuotas 15 cuotas 16 cuotas 17 cuotas 18 cuotas 19 cuotas 20 cuotas 21 cuotas 22 cuotas 23 cuotas 24 cuotas 25 cuotas 26 cuotas 27 cuotas 28 cuotas 29 cuotas 30 cuotas 31 cuotas 32 cuotas 33 cuotas 34 cuotas 35 cuotas 36 cuotas Pago mensual Solicita tu Tarjeta Oh! *El valor de la cuota podría variar en función a la fecha de facturación y pago del cliente. 20+ unidades disponibles PRODUCTO AGOTADO Elige la opción que deseas: - Adicionar Súper Garantía Sin Proteccion adicional *El costo de la garantía se aplica sobre el precio unitario. ¿Qué debemos considerar al comprar este producto? Puedes agregar una nota Agregar comentario Nota agregada 0.2kg S/ 16.92 - Cancelar + Aceptar PRODUCTO AGOTADO Agregar 20 + unidades disponibles Comprar Produto Esgotado Producto agotado Avíseme cuando el producto esté disponible Carregando... Cadastrado com sucesso, assim que o produto for disponibilizado você receberá um email avisando. Vendido y despachado por: Makro Términos y condiciones Tipo de entrega disponible: Delivery ",,1692,,,,unknown,
Aguarde...,"Aguarde... Seja Bem Vindo à Plaza Vea ¿Ya está registrado? Panadería y Pastelería Pan Envasado Pan de Molde Pan de Molde DOLCEZZA | SKU: 20392855 Pan de Molde Integral DOLCEZZA Bolsa 500g MAKRO-Bi-Precio|Vigente Oculto Pan de Molde DOLCEZZA | SKU: 20392855 Pan de Molde Integral DOLCEZZA Bolsa 500g Delivery Express Envío gratis Delivery Express 5un = 1Kg(aprox) | Este producto solo está disponible para “DELIVERY EXPRESS” , te llegará entre 60 a 90 min. Amplía la línea de crédito de tu tarjeta Precio x kg Precio Regular s/ 4 .99 Precio Online s/ 7 .50 -42% Tarjeta s/ 4 .99 Dcto. exclusivo -62% A partir de: 2 un S/6 .99 x un 1 un S/7 .50 Compra en cuotas, sin intereses con Tarjeta Oh! A partir de s/1999 en electro, colchones y deportes * Válido de 6 a 36 cuotas del 5 al 9 de julio. ¡Pide tu Tarjeta Oh! Calcula tus cuotas Elige el número de cuotas Sin cuotas 2 cuotas 3 cuotas 4 cuotas 5 cuotas 6 cuotas 7 cuotas 8 cuotas 9 cuotas 10 cuotas 11 cuotas 12 cuotas 13 cuotas 14 cuotas 15 cuotas 16 cuotas 17 cuotas 18 cuotas 19 cuotas 20 cuotas 21 cuotas 22 cuotas 23 cuotas 24 cuotas 25 cuotas 26 cuotas 27 cuotas 28 cuotas 29 cuotas 30 cuotas 31 cuotas 32 cuotas 33 cuotas 34 cuotas 35 cuotas 36 cuotas Pago mensual Solicita tu Tarjeta Oh! *El valor de la cuota podría variar en función a la fecha de facturación y pago del cliente. 15+ unidades disponibles PRODUCTO AGOTADO Elige la opción que deseas: - Adicionar Súper Garantía Sin Proteccion adicional *El costo de la garantía se aplica sobre el precio unitario. ¿Qué debemos considerar al comprar este producto? Puedes agregar una nota Agregar comentario Nota agregada 0.2kg S/ 16.92 - Cancelar + Aceptar PRODUCTO AGOTADO Agregar 15 + unidades disponibles Comprar Produto Esgotado Producto agotado Avíseme cuando el producto esté disponible Carregando... Cadastrado com sucesso, assim que o produto for disponibilizado você receberá um email avisando. Vendido y despachado por: Makro Términos y condiciones Tipo de entrega disponible: Deliv",,1692,,,,unknown,
Aguarde...,"Aguarde... Seja Bem Vindo à Plaza Vea ¿Ya está registrado? Panadería y Pastelería Pan Envasado Pan de Molde Pan de Molde BIMBO | SKU: 20468215 Pan de Molde Integral XL BIMBO Extra Grande Bolsa 810g MAKRO-Bi-Precio|Vigente Oculto Pan de Molde BIMBO | SKU: 20468215 Pan de Molde Integral XL BIMBO Extra Grande Bolsa 810g Delivery Express Envío gratis Delivery Express 5un = 1Kg(aprox) | Este producto solo está disponible para “DELIVERY EXPRESS” , te llegará entre 60 a 90 min. Amplía la línea de crédito de tu tarjeta Precio x kg Precio Regular s/ 4 .99 Precio Online s/ 11 .90 -42% Tarjeta s/ 4 .99 Dcto. exclusivo -62% A partir de: 3 un S/11 .41 x un 1 un S/11 .90 Compra en cuotas, sin intereses con Tarjeta Oh! A partir de s/1999 en electro, colchones y deportes * Válido de 6 a 36 cuotas del 5 al 9 de julio. ¡Pide tu Tarjeta Oh! Calcula tus cuotas Elige el número de cuotas Sin cuotas 2 cuotas 3 cuotas 4 cuotas 5 cuotas 6 cuotas 7 cuotas 8 cuotas 9 cuotas 10 cuotas 11 cuotas 12 cuotas 13 cuotas 14 cuotas 15 cuotas 16 cuotas 17 cuotas 18 cuotas 19 cuotas 20 cuotas 21 cuotas 22 cuotas 23 cuotas 24 cuotas 25 cuotas 26 cuotas 27 cuotas 28 cuotas 29 cuotas 30 cuotas 31 cuotas 32 cuotas 33 cuotas 34 cuotas 35 cuotas 36 cuotas Pago mensual Solicita tu Tarjeta Oh! *El valor de la cuota podría variar en función a la fecha de facturación y pago del cliente. 20+ unidades disponibles PRODUCTO AGOTADO Elige la opción que deseas: - Adicionar Súper Garantía Sin Proteccion adicional *El costo de la garantía se aplica sobre el precio unitario. ¿Qué debemos considerar al comprar este producto? Puedes agregar una nota Agregar comentario Nota agregada 0.2kg S/ 16.92 - Cancelar + Aceptar PRODUCTO AGOTADO Agregar 20 + unidades disponibles Comprar Produto Esgotado Producto agotado Avíseme cuando el producto esté disponible Carregando... Cadastrado com sucesso, assim que o produto for disponibilizado você receberá um email avisando. Vendido y despachado por: Makro Términos y condiciones Tipo de en",,1692,,,,unknown,
Aguarde...,"Aguarde... Seja Bem Vindo à Plaza Vea ¿Ya está registrado? Abarrotes Fideos, Pastas y Salsas Fideos Largos Fideos Largos BARILLA | SKU: 1958973002 Spaghetti GRANO DE ORO Bolsa 500g MAKRO-Bi-Precio|Vigente Oculto Fideos Largos BARILLA | SKU: 1958973002 Spaghetti GRANO DE ORO Bolsa 500g Delivery Express Envío gratis Delivery Express 5un = 1Kg(aprox) | Este producto solo está disponible para “DELIVERY EXPRESS” , te llegará entre 60 a 90 min. Amplía la línea de crédito de tu tarjeta Precio x kg Precio Regular s/ 4 .99 Precio Online s/ 2 .60 -42% Tarjeta s/ 4 .99 Dcto. exclusivo -62% A partir de: 4 un S/2 .59 x un 1 un S/2 .60 Compra en cuotas, sin intereses con Tarjeta Oh! A partir de s/1999 en electro, colchones y deportes * Válido de 6 a 36 cuotas del 5 al 9 de julio. ¡Pide tu Tarjeta Oh! Calcula tus cuotas Elige el número de cuotas Sin cuotas 2 cuotas 3 cuotas 4 cuotas 5 cuotas 6 cuotas 7 cuotas 8 cuotas 9 cuotas 10 cuotas 11 cuotas 12 cuotas 13 cuotas 14 cuotas 15 cuotas 16 cuotas 17 cuotas 18 cuotas 19 cuotas 20 cuotas 21 cuotas 22 cuotas 23 cuotas 24 cuotas 25 cuotas 26 cuotas 27 cuotas 28 cuotas 29 cuotas 30 cuotas 31 cuotas 32 cuotas 33 cuotas 34 cuotas 35 cuotas 36 cuotas Pago mensual Solicita tu Tarjeta Oh! *El valor de la cuota podría variar en función a la fecha de facturación y pago del cliente. 20+ unidades disponibles PRODUCTO AGOTADO Elige la opción que deseas: - Adicionar Súper Garantía Sin Proteccion adicional *El costo de la garantía se aplica sobre el precio unitario. ¿Qué debemos considerar al comprar este producto? Puedes agregar una nota Agregar comentario Nota agregada 0.2kg S/ 16.92 - Cancelar + Aceptar PRODUCTO AGOTADO Agregar 20 + unidades disponibles Comprar Produto Esgotado Producto agotado Avíseme cuando el producto esté disponible Carregando... Cadastrado com sucesso, assim que o produto for disponibilizado você receberá um email avisando. Vendido y despachado por: Makro Términos y condiciones Tipo de entrega disponible: Delivery programad",,1692,,,,unknown,
Aguarde...,"Aguarde... Cambio de modalidad jainernieto@gmail.com. No soy yo. ¡Hola! Jose Este producto es exclusivo para “DELIVERY PROGRAMADO” ¿Qué deseas hacer? Seguir en: DELIVERY EXPRESS Pedido de 60 a 90 min. Tu última compra registrada. Cambiar a: DELIVERY PROGRAMADO Programa la fecha y hora Tu última compra registrada. Seja Bem Vindo à Plaza Vea ¿Ya está registrado? Estos productos no cuentan con el método Despacho en 48 hrs, puedes apagar el switch o cambiar tu método de entrega. Error 404: Lo sentimos, pero la página que buscas no existe. Por favor, dirígete a cualquiera de nuestras páginas: Ofertas Supermercado Ofertas Electro y hogar Catálogo de Productos Nuestra tiendas Vea club O puedes regresar a la PÁGINA DE INICIO DELIVERY EXPRESS A TUS MANOS LO MÁS PRONTO POSIBLE DISPONIBLE PARA: Barranco, Breña, Chorrillos, Jesús María, La Molina, Lince, Los Olivos, Magdalena del Mar, Miraflores, Pueblo Libre, San Borja, San Isidro, San Miguel, San Juan De Lurigancho, Surquillo y Santiago de Surco. En tu puerta de 60 a 90 min. Sólo para productos seleccionados Máximo hasta 10 unidades Pedidos de 8:00 a 21:30 hrs. y reparto hasta las 22:30 hrs. Mira qué productos tienen este servicio: Identifica nuestros productos para Delivery Express con: Delivery Express ¡A COMPRAR! ¡UPS!... Revisemos el carrito... Has superado el límite permitido para DELIVERY EXPRESS , ¿Deseas cambiar de modalidad? Máximo 10 productos Mantener DELIVERY EXPRESS No se agregará el producto y tu pedido llegará en el mismo día. Cambiar a DELIVERY PROGRAMADO Agregar todas las unidades programa por fecha y hora la entregas. CONTINUAR Cambio de modalidad El producto es exclusivo para Delivery Express ¿Qué deseas hacer? Mantener DELIVERY PROGRAMADO Agrega todas las unidades y; programa por fecha y hora la entregas. Cambiar a DELIVERY EXPRESS Solo se permiten 10 productos max. y tu pedido llegará de 60 a 90 min. Si cambias de modalidad, revisa tu carrito, es posible que algunos productos ya no tengan stock o su preci",,1899,,,,unknown,
Aguarde...,"Aguarde... Cambio de modalidad jainernieto@gmail.com. No soy yo. ¡Hola! Jose Este producto es exclusivo para “DELIVERY PROGRAMADO” ¿Qué deseas hacer? Seguir en: DELIVERY EXPRESS Pedido de 60 a 90 min. Tu última compra registrada. Cambiar a: DELIVERY PROGRAMADO Programa la fecha y hora Tu última compra registrada. Seja Bem Vindo à Plaza Vea ¿Ya está registrado? Estos productos no cuentan con el método Despacho en 48 hrs, puedes apagar el switch o cambiar tu método de entrega. Error 404: Lo sentimos, pero la página que buscas no existe. Por favor, dirígete a cualquiera de nuestras páginas: Ofertas Supermercado Ofertas Electro y hogar Catálogo de Productos Nuestra tiendas Vea club O puedes regresar a la PÁGINA DE INICIO DELIVERY EXPRESS A TUS MANOS LO MÁS PRONTO POSIBLE DISPONIBLE PARA: Barranco, Breña, Chorrillos, Jesús María, La Molina, Lince, Los Olivos, Magdalena del Mar, Miraflores, Pueblo Libre, San Borja, San Isidro, San Miguel, San Juan De Lurigancho, Surquillo y Santiago de Surco. En tu puerta de 60 a 90 min. Sólo para productos seleccionados Máximo hasta 10 unidades Pedidos de 8:00 a 21:30 hrs. y reparto hasta las 22:30 hrs. Mira qué productos tienen este servicio: Identifica nuestros productos para Delivery Express con: Delivery Express ¡A COMPRAR! ¡UPS!... Revisemos el carrito... Has superado el límite permitido para DELIVERY EXPRESS , ¿Deseas cambiar de modalidad? Máximo 10 productos Mantener DELIVERY EXPRESS No se agregará el producto y tu pedido llegará en el mismo día. Cambiar a DELIVERY PROGRAMADO Agregar todas las unidades programa por fecha y hora la entregas. CONTINUAR Cambio de modalidad El producto es exclusivo para Delivery Express ¿Qué deseas hacer? Mantener DELIVERY PROGRAMADO Agrega todas las unidades y; programa por fecha y hora la entregas. Cambiar a DELIVERY EXPRESS Solo se permiten 10 productos max. y tu pedido llegará de 60 a 90 min. Si cambias de modalidad, revisa tu carrito, es posible que algunos productos ya no tengan stock o su preci",,1899,,,,unknown,
Aguarde...,"Aguarde... Seja Bem Vindo à Plaza Vea ¿Ya está registrado? Abarrotes Fideos, Pastas y Salsas Fideos Largos Fideos Largos DON VITTORIO | SKU: 20277768 Fideos DON VITTORIO Spaghetti Bolsa 950g Previous Next MAKRO-Bi-Precio|Vigente Oculto Vea Days Supermercado marzo | Ver todo Fideos Largos DON VITTORIO | SKU: 20277768 Fideos DON VITTORIO Spaghetti Bolsa 950g Delivery Express Envío gratis Delivery Express 5un = 1Kg(aprox) | Este producto solo está disponible para “DELIVERY EXPRESS” , te llegará entre 60 a 90 min. Amplía la línea de crédito de tu tarjeta Precio x kg Precio Regular s/ 4 .99 Precio Online s/ 5 .50 -42% Tarjeta s/ 4 .99 Dcto. exclusivo -62% A partir de: 3 un S/5 .20 x un 1 un S/5 .50 Compra en cuotas, sin intereses con Tarjeta Oh! A partir de s/1999 en electro, colchones y deportes * Válido de 6 a 36 cuotas del 5 al 9 de julio. ¡Pide tu Tarjeta Oh! Calcula tus cuotas Elige el número de cuotas Sin cuotas 2 cuotas 3 cuotas 4 cuotas 5 cuotas 6 cuotas 7 cuotas 8 cuotas 9 cuotas 10 cuotas 11 cuotas 12 cuotas 13 cuotas 14 cuotas 15 cuotas 16 cuotas 17 cuotas 18 cuotas 19 cuotas 20 cuotas 21 cuotas 22 cuotas 23 cuotas 24 cuotas 25 cuotas 26 cuotas 27 cuotas 28 cuotas 29 cuotas 30 cuotas 31 cuotas 32 cuotas 33 cuotas 34 cuotas 35 cuotas 36 cuotas Pago mensual Solicita tu Tarjeta Oh! *El valor de la cuota podría variar en función a la fecha de facturación y pago del cliente. 20+ unidades disponibles PRODUCTO AGOTADO Elige la opción que deseas: - Adicionar Súper Garantía Sin Proteccion adicional *El costo de la garantía se aplica sobre el precio unitario. ¿Qué debemos considerar al comprar este producto? Puedes agregar una nota Agregar comentario Nota agregada 0.2kg S/ 16.92 - Cancelar + Aceptar PRODUCTO AGOTADO Agregar 20 + unidades disponibles Comprar Produto Esgotado Producto agotado Avíseme cuando el producto esté disponible Carregando... Cadastrado com sucesso, assim que o produto for disponibilizado você receberá um email avisando. Vendido y despachado por: Ma",,1692,,,,unknown,
Aguarde...,"Aguarde... Seja Bem Vindo à Plaza Vea ¿Ya está registrado? Abarrotes Fideos, Pastas y Salsas Fideos Largos Fideos Largos BARILLA | SKU: 1053729003 Fideos Spaghetti #5 BARILLA Caja 500g MAKRO-Bi-Precio|Vigente Oculto Vea Days Supermercado marzo | Ver todo Fideos Largos BARILLA | SKU: 1053729003 Fideos Spaghetti #5 BARILLA Caja 500g Delivery Express Envío gratis Delivery Express 5un = 1Kg(aprox) | Este producto solo está disponible para “DELIVERY EXPRESS” , te llegará entre 60 a 90 min. Amplía la línea de crédito de tu tarjeta Precio x kg Precio Regular s/ 4 .99 Precio Online s/ 12 .00 -42% Tarjeta s/ 4 .99 Dcto. exclusivo -62% A partir de: 4 un S/11 .28 x un 1 un S/12 Compra en cuotas, sin intereses con Tarjeta Oh! A partir de s/1999 en electro, colchones y deportes * Válido de 6 a 36 cuotas del 5 al 9 de julio. ¡Pide tu Tarjeta Oh! Calcula tus cuotas Elige el número de cuotas Sin cuotas 2 cuotas 3 cuotas 4 cuotas 5 cuotas 6 cuotas 7 cuotas 8 cuotas 9 cuotas 10 cuotas 11 cuotas 12 cuotas 13 cuotas 14 cuotas 15 cuotas 16 cuotas 17 cuotas 18 cuotas 19 cuotas 20 cuotas 21 cuotas 22 cuotas 23 cuotas 24 cuotas 25 cuotas 26 cuotas 27 cuotas 28 cuotas 29 cuotas 30 cuotas 31 cuotas 32 cuotas 33 cuotas 34 cuotas 35 cuotas 36 cuotas Pago mensual Solicita tu Tarjeta Oh! *El valor de la cuota podría variar en función a la fecha de facturación y pago del cliente. 20+ unidades disponibles PRODUCTO AGOTADO Elige la opción que deseas: - Adicionar Súper Garantía Sin Proteccion adicional *El costo de la garantía se aplica sobre el precio unitario. ¿Qué debemos considerar al comprar este producto? Puedes agregar una nota Agregar comentario Nota agregada 0.2kg S/ 16.92 - Cancelar + Aceptar PRODUCTO AGOTADO Agregar 20 + unidades disponibles Comprar Produto Esgotado Producto agotado Avíseme cuando el producto esté disponible Carregando... Cadastrado com sucesso, assim que o produto for disponibilizado você receberá um email avisando. Vendido y despachado por: Makro Términos y condiciones ",,1692,,,,unknown,
Aguarde...,"Aguarde... Seja Bem Vindo à Plaza Vea ¿Ya está registrado? Abarrotes Conservas Pescados en Conserva Pescados en Conserva CAMPOMAR | SKU: 20281299 Grated de Atún CAMPOMAR en Aceite Vegetal Lata 160g Paquete 6un MAKRO-Bi-Precio|Vigente Oculto Pescados en Conserva CAMPOMAR | SKU: 20281299 Grated de Atún CAMPOMAR en Aceite Vegetal Lata 160g Paquete 6un Delivery Express Envío gratis Delivery Express 5un = 1Kg(aprox) | Este producto solo está disponible para “DELIVERY EXPRESS” , te llegará entre 60 a 90 min. Amplía la línea de crédito de tu tarjeta Precio x kg Precio Regular s/ 4 .99 Precio Online s/ 20 .10 -42% Tarjeta s/ 4 .99 Dcto. exclusivo -62% A partir de: 2 un S/19 .30 x un 1 un S/20 .10 Compra en cuotas, sin intereses con Tarjeta Oh! A partir de s/1999 en electro, colchones y deportes * Válido de 6 a 36 cuotas del 5 al 9 de julio. ¡Pide tu Tarjeta Oh! Calcula tus cuotas Elige el número de cuotas Sin cuotas 2 cuotas 3 cuotas 4 cuotas 5 cuotas 6 cuotas 7 cuotas 8 cuotas 9 cuotas 10 cuotas 11 cuotas 12 cuotas 13 cuotas 14 cuotas 15 cuotas 16 cuotas 17 cuotas 18 cuotas 19 cuotas 20 cuotas 21 cuotas 22 cuotas 23 cuotas 24 cuotas 25 cuotas 26 cuotas 27 cuotas 28 cuotas 29 cuotas 30 cuotas 31 cuotas 32 cuotas 33 cuotas 34 cuotas 35 cuotas 36 cuotas Pago mensual Solicita tu Tarjeta Oh! *El valor de la cuota podría variar en función a la fecha de facturación y pago del cliente. 20+ unidades disponibles PRODUCTO AGOTADO Elige la opción que deseas: - Adicionar Súper Garantía Sin Proteccion adicional *El costo de la garantía se aplica sobre el precio unitario. ¿Qué debemos considerar al comprar este producto? Puedes agregar una nota Agregar comentario Nota agregada 0.2kg S/ 16.92 - Cancelar + Aceptar PRODUCTO AGOTADO Agregar 20 + unidades disponibles Comprar Produto Esgotado Producto agotado Avíseme cuando el producto esté disponible Carregando... Cadastrado com sucesso, assim que o produto for disponibilizado você receberá um email avisando. Vendido y despachado por: Makro T",,1692,,,,unknown,
Verifica tu identidad,Verifica tu identidad Mantén presionado el botón para confirmar que no eres un robot.,,,,,,unknown,
Aguarde...,"Aguarde... Cambio de modalidad jainernieto@gmail.com. No soy yo. ¡Hola! Jose Este producto es exclusivo para “DELIVERY PROGRAMADO” ¿Qué deseas hacer? Seguir en: DELIVERY EXPRESS Pedido de 60 a 90 min. Tu última compra registrada. Cambiar a: DELIVERY PROGRAMADO Programa la fecha y hora Tu última compra registrada. Seja Bem Vindo à Plaza Vea ¿Ya está registrado? Estos productos no cuentan con el método Despacho en 48 hrs, puedes apagar el switch o cambiar tu método de entrega. Error 404: Lo sentimos, pero la página que buscas no existe. Por favor, dirígete a cualquiera de nuestras páginas: Ofertas Supermercado Ofertas Electro y hogar Catálogo de Productos Nuestra tiendas Vea club O puedes regresar a la PÁGINA DE INICIO DELIVERY EXPRESS A TUS MANOS LO MÁS PRONTO POSIBLE DISPONIBLE PARA: Barranco, Breña, Chorrillos, Jesús María, La Molina, Lince, Los Olivos, Magdalena del Mar, Miraflores, Pueblo Libre, San Borja, San Isidro, San Miguel, San Juan De Lurigancho, Surquillo y Santiago de Surco. En tu puerta de 60 a 90 min. Sólo para productos seleccionados Máximo hasta 10 unidades Pedidos de 8:00 a 21:30 hrs. y reparto hasta las 22:30 hrs. Mira qué productos tienen este servicio: Identifica nuestros productos para Delivery Express con: Delivery Express ¡A COMPRAR! ¡UPS!... Revisemos el carrito... Has superado el límite permitido para DELIVERY EXPRESS , ¿Deseas cambiar de modalidad? Máximo 10 productos Mantener DELIVERY EXPRESS No se agregará el producto y tu pedido llegará en el mismo día. Cambiar a DELIVERY PROGRAMADO Agregar todas las unidades programa por fecha y hora la entregas. CONTINUAR Cambio de modalidad El producto es exclusivo para Delivery Express ¿Qué deseas hacer? Mantener DELIVERY PROGRAMADO Agrega todas las unidades y; programa por fecha y hora la entregas. Cambiar a DELIVERY EXPRESS Solo se permiten 10 productos max. y tu pedido llegará de 60 a 90 min. Si cambias de modalidad, revisa tu carrito, es posible que algunos productos ya no tengan stock o su preci",,1899,,,,unknown,
Aguarde...,"Aguarde... Seja Bem Vindo à Plaza Vea ¿Ya está registrado? Abarrotes Conservas Pescados en Conserva Pescados en Conserva DORITA | SKU: 20349958 Filete de Bonito DORITA en Aceite Vegetal Lata 170g MAKRO-Bi-Precio|Vigente Oculto Pescados en Conserva DORITA | SKU: 20349958 Filete de Bonito DORITA en Aceite Vegetal Lata 170g Delivery Express Envío gratis Delivery Express 5un = 1Kg(aprox) | Este producto solo está disponible para “DELIVERY EXPRESS” , te llegará entre 60 a 90 min. Amplía la línea de crédito de tu tarjeta Precio x kg Precio Regular s/ 4 .99 Precio Online s/ 26 .10 -42% Tarjeta s/ 4 .99 Dcto. exclusivo -62% A partir de: 2 un S/25 .32 x un 1 un S/26 .10 Compra en cuotas, sin intereses con Tarjeta Oh! A partir de s/1999 en electro, colchones y deportes * Válido de 6 a 36 cuotas del 5 al 9 de julio. ¡Pide tu Tarjeta Oh! Calcula tus cuotas Elige el número de cuotas Sin cuotas 2 cuotas 3 cuotas 4 cuotas 5 cuotas 6 cuotas 7 cuotas 8 cuotas 9 cuotas 10 cuotas 11 cuotas 12 cuotas 13 cuotas 14 cuotas 15 cuotas 16 cuotas 17 cuotas 18 cuotas 19 cuotas 20 cuotas 21 cuotas 22 cuotas 23 cuotas 24 cuotas 25 cuotas 26 cuotas 27 cuotas 28 cuotas 29 cuotas 30 cuotas 31 cuotas 32 cuotas 33 cuotas 34 cuotas 35 cuotas 36 cuotas Pago mensual Solicita tu Tarjeta Oh! *El valor de la cuota podría variar en función a la fecha de facturación y pago del cliente. 20+ unidades disponibles PRODUCTO AGOTADO Elige la opción que deseas: - Adicionar Súper Garantía Sin Proteccion adicional *El costo de la garantía se aplica sobre el precio unitario. ¿Qué debemos considerar al comprar este producto? Puedes agregar una nota Agregar comentario Nota agregada 0.2kg S/ 16.92 - Cancelar + Aceptar PRODUCTO AGOTADO Agregar 20 + unidades disponibles Comprar Produto Esgotado Producto agotado Avíseme cuando el producto esté disponible Carregando... Cadastrado com sucesso, assim que o produto for disponibilizado você receberá um email avisando. Vendido y despachado por: Makro Términos y condiciones Tipo d",,1692,,,,unknown,
Selecciona un local,"Selecciona un local X Supermaxi 12 de Octubre Quito - Av. 12 de Octubre s/n y Madrid supermaxi 12 de octubre av. 12 de octubre s/n y madrid quito Supermaxi Albán Borja Guayaquil - Av. Carlos Julio Arosemena S/N - Centro Comercial Albán Borja supermaxi albán borja av. carlos julio arosemena s/n - centro comercial albán borja guayaquil Supermaxi América Quito - Gaspar de Carvajal s/n y Av. La Gasca (C.C. América) supermaxi américa gaspar de carvajal s/n y av. la gasca (c.c. américa) quito Supermaxi Batán Guayaquil - Lote C cuatro uno s/n y vía a Samborondón supermaxi batán lote c cuatro uno s/n y vía a samborondón guayaquil Supermaxi Bicentenario Plaza Quito - Homero Salas s/n y Av. De La Prensa (C.C. Plaza Aeropuerto) supermaxi bicentenario plaza homero salas s/n y av. de la prensa (c.c. plaza aeropuerto) quito Supermaxi Carcelén Quito - Av. Diego Vásquez de Cepeda N77-464 supermaxi carcelén av. diego vásquez de cepeda n77-464 quito Supermaxi Centro Comercial La Pradera Loja - Av. 18 de Noviembre s/n y Gobernación de Mainas (C.C. La Pradera) supermaxi centro comercial la pradera av. 18 de noviembre s/n y gobernación de mainas (c.c. la pradera) loja Supermaxi Challuabamba Cuenca - Panamericana Norte s/n supermaxi challuabamba panamericana norte s/n cuenca Supermaxi Ciudad Celeste Guayaquil - Av. León Febres Cordero. Ribadeneyra - Centro Comercial La Piazza. Ciudad Celeste supermaxi ciudad celeste av. león febres cordero. ribadeneyra - centro comercial la piazza. ciudad celeste guayaquil Supermaxi Ciudad Colón Guayaquil - Av. Rodrigo Chávez Gonzáles, Etapa III, Manzana 270, Solar 1 supermaxi ciudad colón av. rodrigo chávez gonzáles, etapa iii, manzana 270, solar 1 guayaquil Supermaxi Don Bosco Cuenca - Av. Don Bosco s/n y Miguel de Cervantes supermaxi don bosco av. don bosco s/n y miguel de cervantes cuenca Supermaxi El Bosque Quito - Av. Mariscal Antonio José de Sucre s/n y Av. Del Parque (C.C. El Bosque) supermaxi el bosque av. mariscal antonio josé de sucre s/n y av",,,,,,unknown,
Selecciona un local,"Selecciona un local X Supermaxi 12 de Octubre Quito - Av. 12 de Octubre s/n y Madrid supermaxi 12 de octubre av. 12 de octubre s/n y madrid quito Supermaxi Albán Borja Guayaquil - Av. Carlos Julio Arosemena S/N - Centro Comercial Albán Borja supermaxi albán borja av. carlos julio arosemena s/n - centro comercial albán borja guayaquil Supermaxi América Quito - Gaspar de Carvajal s/n y Av. La Gasca (C.C. América) supermaxi américa gaspar de carvajal s/n y av. la gasca (c.c. américa) quito Supermaxi Batán Guayaquil - Lote C cuatro uno s/n y vía a Samborondón supermaxi batán lote c cuatro uno s/n y vía a samborondón guayaquil Supermaxi Bicentenario Plaza Quito - Homero Salas s/n y Av. De La Prensa (C.C. Plaza Aeropuerto) supermaxi bicentenario plaza homero salas s/n y av. de la prensa (c.c. plaza aeropuerto) quito Supermaxi Carcelén Quito - Av. Diego Vásquez de Cepeda N77-464 supermaxi carcelén av. diego vásquez de cepeda n77-464 quito Supermaxi Centro Comercial La Pradera Loja - Av. 18 de Noviembre s/n y Gobernación de Mainas (C.C. La Pradera) supermaxi centro comercial la pradera av. 18 de noviembre s/n y gobernación de mainas (c.c. la pradera) loja Supermaxi Challuabamba Cuenca - Panamericana Norte s/n supermaxi challuabamba panamericana norte s/n cuenca Supermaxi Ciudad Celeste Guayaquil - Av. León Febres Cordero. Ribadeneyra - Centro Comercial La Piazza. Ciudad Celeste supermaxi ciudad celeste av. león febres cordero. ribadeneyra - centro comercial la piazza. ciudad celeste guayaquil Supermaxi Ciudad Colón Guayaquil - Av. Rodrigo Chávez Gonzáles, Etapa III, Manzana 270, Solar 1 supermaxi ciudad colón av. rodrigo chávez gonzáles, etapa iii, manzana 270, solar 1 guayaquil Supermaxi Don Bosco Cuenca - Av. Don Bosco s/n y Miguel de Cervantes supermaxi don bosco av. don bosco s/n y miguel de cervantes cuenca Supermaxi El Bosque Quito - Av. Mariscal Antonio José de Sucre s/n y Av. Del Parque (C.C. El Bosque) supermaxi el bosque av. mariscal antonio josé de sucre s/n y av",,,,,,unknown,
Selecciona un local,"Selecciona un local X Supermaxi 12 de Octubre Quito - Av. 12 de Octubre s/n y Madrid supermaxi 12 de octubre av. 12 de octubre s/n y madrid quito Supermaxi Albán Borja Guayaquil - Av. Carlos Julio Arosemena S/N - Centro Comercial Albán Borja supermaxi albán borja av. carlos julio arosemena s/n - centro comercial albán borja guayaquil Supermaxi América Quito - Gaspar de Carvajal s/n y Av. La Gasca (C.C. América) supermaxi américa gaspar de carvajal s/n y av. la gasca (c.c. américa) quito Supermaxi Batán Guayaquil - Lote C cuatro uno s/n y vía a Samborondón supermaxi batán lote c cuatro uno s/n y vía a samborondón guayaquil Supermaxi Bicentenario Plaza Quito - Homero Salas s/n y Av. De La Prensa (C.C. Plaza Aeropuerto) supermaxi bicentenario plaza homero salas s/n y av. de la prensa (c.c. plaza aeropuerto) quito Supermaxi Carcelén Quito - Av. Diego Vásquez de Cepeda N77-464 supermaxi carcelén av. diego vásquez de cepeda n77-464 quito Supermaxi Centro Comercial La Pradera Loja - Av. 18 de Noviembre s/n y Gobernación de Mainas (C.C. La Pradera) supermaxi centro comercial la pradera av. 18 de noviembre s/n y gobernación de mainas (c.c. la pradera) loja Supermaxi Challuabamba Cuenca - Panamericana Norte s/n supermaxi challuabamba panamericana norte s/n cuenca Supermaxi Ciudad Celeste Guayaquil - Av. León Febres Cordero. Ribadeneyra - Centro Comercial La Piazza. Ciudad Celeste supermaxi ciudad celeste av. león febres cordero. ribadeneyra - centro comercial la piazza. ciudad celeste guayaquil Supermaxi Ciudad Colón Guayaquil - Av. Rodrigo Chávez Gonzáles, Etapa III, Manzana 270, Solar 1 supermaxi ciudad colón av. rodrigo chávez gonzáles, etapa iii, manzana 270, solar 1 guayaquil Supermaxi Don Bosco Cuenca - Av. Don Bosco s/n y Miguel de Cervantes supermaxi don bosco av. don bosco s/n y miguel de cervantes cuenca Supermaxi El Bosque Quito - Av. Mariscal Antonio José de Sucre s/n y Av. Del Parque (C.C. El Bosque) supermaxi el bosque av. mariscal antonio josé de sucre s/n y av",,,,,,unknown,
Selecciona un local,"Selecciona un local X Supermaxi 12 de Octubre Quito - Av. 12 de Octubre s/n y Madrid supermaxi 12 de octubre av. 12 de octubre s/n y madrid quito Supermaxi Albán Borja Guayaquil - Av. Carlos Julio Arosemena S/N - Centro Comercial Albán Borja supermaxi albán borja av. carlos julio arosemena s/n - centro comercial albán borja guayaquil Supermaxi América Quito - Gaspar de Carvajal s/n y Av. La Gasca (C.C. América) supermaxi américa gaspar de carvajal s/n y av. la gasca (c.c. américa) quito Supermaxi Batán Guayaquil - Lote C cuatro uno s/n y vía a Samborondón supermaxi batán lote c cuatro uno s/n y vía a samborondón guayaquil Supermaxi Bicentenario Plaza Quito - Homero Salas s/n y Av. De La Prensa (C.C. Plaza Aeropuerto) supermaxi bicentenario plaza homero salas s/n y av. de la prensa (c.c. plaza aeropuerto) quito Supermaxi Carcelén Quito - Av. Diego Vásquez de Cepeda N77-464 supermaxi carcelén av. diego vásquez de cepeda n77-464 quito Supermaxi Centro Comercial La Pradera Loja - Av. 18 de Noviembre s/n y Gobernación de Mainas (C.C. La Pradera) supermaxi centro comercial la pradera av. 18 de noviembre s/n y gobernación de mainas (c.c. la pradera) loja Supermaxi Challuabamba Cuenca - Panamericana Norte s/n supermaxi challuabamba panamericana norte s/n cuenca Supermaxi Ciudad Celeste Guayaquil - Av. León Febres Cordero. Ribadeneyra - Centro Comercial La Piazza. Ciudad Celeste supermaxi ciudad celeste av. león febres cordero. ribadeneyra - centro comercial la piazza. ciudad celeste guayaquil Supermaxi Ciudad Colón Guayaquil - Av. Rodrigo Chávez Gonzáles, Etapa III, Manzana 270, Solar 1 supermaxi ciudad colón av. rodrigo chávez gonzáles, etapa iii, manzana 270, solar 1 guayaquil Supermaxi Don Bosco Cuenca - Av. Don Bosco s/n y Miguel de Cervantes supermaxi don bosco av. don bosco s/n y miguel de cervantes cuenca Supermaxi El Bosque Quito - Av. Mariscal Antonio José de Sucre s/n y Av. Del Parque (C.C. El Bosque) supermaxi el bosque av. mariscal antonio josé de sucre s/n y av",,,,,,unknown,
Selecciona un local,"Selecciona un local X Supermaxi 12 de Octubre Quito - Av. 12 de Octubre s/n y Madrid supermaxi 12 de octubre av. 12 de octubre s/n y madrid quito Supermaxi Albán Borja Guayaquil - Av. Carlos Julio Arosemena S/N - Centro Comercial Albán Borja supermaxi albán borja av. carlos julio arosemena s/n - centro comercial albán borja guayaquil Supermaxi América Quito - Gaspar de Carvajal s/n y Av. La Gasca (C.C. América) supermaxi américa gaspar de carvajal s/n y av. la gasca (c.c. américa) quito Supermaxi Batán Guayaquil - Lote C cuatro uno s/n y vía a Samborondón supermaxi batán lote c cuatro uno s/n y vía a samborondón guayaquil Supermaxi Bicentenario Plaza Quito - Homero Salas s/n y Av. De La Prensa (C.C. Plaza Aeropuerto) supermaxi bicentenario plaza homero salas s/n y av. de la prensa (c.c. plaza aeropuerto) quito Supermaxi Carcelén Quito - Av. Diego Vásquez de Cepeda N77-464 supermaxi carcelén av. diego vásquez de cepeda n77-464 quito Supermaxi Centro Comercial La Pradera Loja - Av. 18 de Noviembre s/n y Gobernación de Mainas (C.C. La Pradera) supermaxi centro comercial la pradera av. 18 de noviembre s/n y gobernación de mainas (c.c. la pradera) loja Supermaxi Challuabamba Cuenca - Panamericana Norte s/n supermaxi challuabamba panamericana norte s/n cuenca Supermaxi Ciudad Celeste Guayaquil - Av. León Febres Cordero. Ribadeneyra - Centro Comercial La Piazza. Ciudad Celeste supermaxi ciudad celeste av. león febres cordero. ribadeneyra - centro comercial la piazza. ciudad celeste guayaquil Supermaxi Ciudad Colón Guayaquil - Av. Rodrigo Chávez Gonzáles, Etapa III, Manzana 270, Solar 1 supermaxi ciudad colón av. rodrigo chávez gonzáles, etapa iii, manzana 270, solar 1 guayaquil Supermaxi Don Bosco Cuenca - Av. Don Bosco s/n y Miguel de Cervantes supermaxi don bosco av. don bosco s/n y miguel de cervantes cuenca Supermaxi El Bosque Quito - Av. Mariscal Antonio José de Sucre s/n y Av. Del Parque (C.C. El Bosque) supermaxi el bosque av. mariscal antonio josé de sucre s/n y av",,,,,,unknown,
Selecciona un local,"Selecciona un local X Supermaxi 12 de Octubre Quito - Av. 12 de Octubre s/n y Madrid supermaxi 12 de octubre av. 12 de octubre s/n y madrid quito Supermaxi Albán Borja Guayaquil - Av. Carlos Julio Arosemena S/N - Centro Comercial Albán Borja supermaxi albán borja av. carlos julio arosemena s/n - centro comercial albán borja guayaquil Supermaxi América Quito - Gaspar de Carvajal s/n y Av. La Gasca (C.C. América) supermaxi américa gaspar de carvajal s/n y av. la gasca (c.c. américa) quito Supermaxi Batán Guayaquil - Lote C cuatro uno s/n y vía a Samborondón supermaxi batán lote c cuatro uno s/n y vía a samborondón guayaquil Supermaxi Bicentenario Plaza Quito - Homero Salas s/n y Av. De La Prensa (C.C. Plaza Aeropuerto) supermaxi bicentenario plaza homero salas s/n y av. de la prensa (c.c. plaza aeropuerto) quito Supermaxi Carcelén Quito - Av. Diego Vásquez de Cepeda N77-464 supermaxi carcelén av. diego vásquez de cepeda n77-464 quito Supermaxi Centro Comercial La Pradera Loja - Av. 18 de Noviembre s/n y Gobernación de Mainas (C.C. La Pradera) supermaxi centro comercial la pradera av. 18 de noviembre s/n y gobernación de mainas (c.c. la pradera) loja Supermaxi Challuabamba Cuenca - Panamericana Norte s/n supermaxi challuabamba panamericana norte s/n cuenca Supermaxi Ciudad Celeste Guayaquil - Av. León Febres Cordero. Ribadeneyra - Centro Comercial La Piazza. Ciudad Celeste supermaxi ciudad celeste av. león febres cordero. ribadeneyra - centro comercial la piazza. ciudad celeste guayaquil Supermaxi Ciudad Colón Guayaquil - Av. Rodrigo Chávez Gonzáles, Etapa III, Manzana 270, Solar 1 supermaxi ciudad colón av. rodrigo chávez gonzáles, etapa iii, manzana 270, solar 1 guayaquil Supermaxi Don Bosco Cuenca - Av. Don Bosco s/n y Miguel de Cervantes supermaxi don bosco av. don bosco s/n y miguel de cervantes cuenca Supermaxi El Bosque Quito - Av. Mariscal Antonio José de Sucre s/n y Av. Del Parque (C.C. El Bosque) supermaxi el bosque av. mariscal antonio josé de sucre s/n y av",,,,,,unknown,
Selecciona un local,"Selecciona un local X Supermaxi 12 de Octubre Quito - Av. 12 de Octubre s/n y Madrid supermaxi 12 de octubre av. 12 de octubre s/n y madrid quito Supermaxi Albán Borja Guayaquil - Av. Carlos Julio Arosemena S/N - Centro Comercial Albán Borja supermaxi albán borja av. carlos julio arosemena s/n - centro comercial albán borja guayaquil Supermaxi América Quito - Gaspar de Carvajal s/n y Av. La Gasca (C.C. América) supermaxi américa gaspar de carvajal s/n y av. la gasca (c.c. américa) quito Supermaxi Batán Guayaquil - Lote C cuatro uno s/n y vía a Samborondón supermaxi batán lote c cuatro uno s/n y vía a samborondón guayaquil Supermaxi Bicentenario Plaza Quito - Homero Salas s/n y Av. De La Prensa (C.C. Plaza Aeropuerto) supermaxi bicentenario plaza homero salas s/n y av. de la prensa (c.c. plaza aeropuerto) quito Supermaxi Carcelén Quito - Av. Diego Vásquez de Cepeda N77-464 supermaxi carcelén av. diego vásquez de cepeda n77-464 quito Supermaxi Centro Comercial La Pradera Loja - Av. 18 de Noviembre s/n y Gobernación de Mainas (C.C. La Pradera) supermaxi centro comercial la pradera av. 18 de noviembre s/n y gobernación de mainas (c.c. la pradera) loja Supermaxi Challuabamba Cuenca - Panamericana Norte s/n supermaxi challuabamba panamericana norte s/n cuenca Supermaxi Ciudad Celeste Guayaquil - Av. León Febres Cordero. Ribadeneyra - Centro Comercial La Piazza. Ciudad Celeste supermaxi ciudad celeste av. león febres cordero. ribadeneyra - centro comercial la piazza. ciudad celeste guayaquil Supermaxi Ciudad Colón Guayaquil - Av. Rodrigo Chávez Gonzáles, Etapa III, Manzana 270, Solar 1 supermaxi ciudad colón av. rodrigo chávez gonzáles, etapa iii, manzana 270, solar 1 guayaquil Supermaxi Don Bosco Cuenca - Av. Don Bosco s/n y Miguel de Cervantes supermaxi don bosco av. don bosco s/n y miguel de cervantes cuenca Supermaxi El Bosque Quito - Av. Mariscal Antonio José de Sucre s/n y Av. Del Parque (C.C. El Bosque) supermaxi el bosque av. mariscal antonio josé de sucre s/n y av",,600,,,,unknown,
Selecciona un local,"Selecciona un local X Supermaxi 12 de Octubre Quito - Av. 12 de Octubre s/n y Madrid supermaxi 12 de octubre av. 12 de octubre s/n y madrid quito Supermaxi Albán Borja Guayaquil - Av. Carlos Julio Arosemena S/N - Centro Comercial Albán Borja supermaxi albán borja av. carlos julio arosemena s/n - centro comercial albán borja guayaquil Supermaxi América Quito - Gaspar de Carvajal s/n y Av. La Gasca (C.C. América) supermaxi américa gaspar de carvajal s/n y av. la gasca (c.c. américa) quito Supermaxi Batán Guayaquil - Lote C cuatro uno s/n y vía a Samborondón supermaxi batán lote c cuatro uno s/n y vía a samborondón guayaquil Supermaxi Bicentenario Plaza Quito - Homero Salas s/n y Av. De La Prensa (C.C. Plaza Aeropuerto) supermaxi bicentenario plaza homero salas s/n y av. de la prensa (c.c. plaza aeropuerto) quito Supermaxi Carcelén Quito - Av. Diego Vásquez de Cepeda N77-464 supermaxi carcelén av. diego vásquez de cepeda n77-464 quito Supermaxi Centro Comercial La Pradera Loja - Av. 18 de Noviembre s/n y Gobernación de Mainas (C.C. La Pradera) supermaxi centro comercial la pradera av. 18 de noviembre s/n y gobernación de mainas (c.c. la pradera) loja Supermaxi Challuabamba Cuenca - Panamericana Norte s/n supermaxi challuabamba panamericana norte s/n cuenca Supermaxi Ciudad Celeste Guayaquil - Av. León Febres Cordero. Ribadeneyra - Centro Comercial La Piazza. Ciudad Celeste supermaxi ciudad celeste av. león febres cordero. ribadeneyra - centro comercial la piazza. ciudad celeste guayaquil Supermaxi Ciudad Colón Guayaquil - Av. Rodrigo Chávez Gonzáles, Etapa III, Manzana 270, Solar 1 supermaxi ciudad colón av. rodrigo chávez gonzáles, etapa iii, manzana 270, solar 1 guayaquil Supermaxi Don Bosco Cuenca - Av. Don Bosco s/n y Miguel de Cervantes supermaxi don bosco av. don bosco s/n y miguel de cervantes cuenca Supermaxi El Bosque Quito - Av. Mariscal Antonio José de Sucre s/n y Av. Del Parque (C.C. El Bosque) supermaxi el bosque av. mariscal antonio josé de sucre s/n y av",,104,,,,unknown,
¡Lo mejor te está esperando!,"¡Lo mejor te está esperando! Descarga la app Departamentos Inicia sesión Ofertas de la semana Listas Alsuper Club Alsuper Alsuper card Estás en Alsuper Plus Leones 90 min Inicio > Panadería Y Tortillería > Panadería > Pan Blanco Mybrand 680 G Detalles: El (T)Pan Blanco MyBrand de 680 gramos es la elección perfecta para tus comidas diarias. Su textura suave y su sabor delicado lo hacen ideal para acompañar cualquier platillo. Está hecho con ingredientes de alta calidad, gara ... Ver más Pan Blanco Mybrand 680 g $44.90 Agregar al carrito Favoritos Agregar a una lista Recomendados $32.90 Pan Blanco Bimbo 350 G 350 GR Agregar $44.90 Pan Blanco Mybrand 680 G 680 GR Agregar $62.90 $71.90 Pan Blanco Perfect Crafted Nature... 624 GR Agregar $59.90 $65.90 Pan Blanco Butter Top Nature's Own... 567 GR Agregar $48.90 Pan Integral Mybrand 680 G 680 GR Agregar $33.90 Pan Integral Bimbo 350 G 350 GR Agregar $59.90 Pan Artesano Bimbo 567 G 567 GR Agregar $35.90 Pan Thins Cero Cero Bimbo 255 G 255 GR Agregar $51.90 Pan Multigrano Mybrand 567 G 567 GR Agregar $75.90 Pan Crafted Multigrain Nature's Ow... 624 GR Agregar $57.90 Pan White Sara Lee 567 G 567 GR Agregar $59.90 $67.90 Pan Honey Wheat Nature's Own 567 G 567 GR Agregar $74.90 Pan 45 Calories Multigrain Sara Le... 567 GR Agregar $54.90 Medias Noches Brioche Bimbo 384 G 384 GR Agregar $73.90 Pan Crafted Brioche Nature's Own 6... 624 GR Agregar $65.90 Medias Noches Parrilleros Bimbo 52... 526 GR Agregar $59.90 $67.90 Pan 100 % Integral Whole Wheat Nat... 567 GR Agregar $59.90 $67.90 Pan Integral 100% Whole Grain Natu... 567 GR Agregar $28.90 Pan Tostado Mini Mantequilla Bimbo... 115 GR Agregar $67.90 Pan Honey Wheat Sara Lee 567 G 567 GR Agregar $67.90 Pan Classic 100% Whole Wheat Sara... 567 GR Agregar $81.90 Pan 12 Granos Webers 680 G 680 GR Agregar $79.90 Pan Pita Natural Jaye 680 G 680 GR Agregar $74.90 Pan 100% Whole Wheat Honey 45 Calori... 567 GR AGOTADO $81.90 Pan Pita Pocket Jaye 680 G 680 GR Agregar $96.90 Mini Pita In",,4490,,,,unknown,
Selecciona un local,"Selecciona un local X Supermaxi 12 de Octubre Quito - Av. 12 de Octubre s/n y Madrid supermaxi 12 de octubre av. 12 de octubre s/n y madrid quito Supermaxi Albán Borja Guayaquil - Av. Carlos Julio Arosemena S/N - Centro Comercial Albán Borja supermaxi albán borja av. carlos julio arosemena s/n - centro comercial albán borja guayaquil Supermaxi América Quito - Gaspar de Carvajal s/n y Av. La Gasca (C.C. América) supermaxi américa gaspar de carvajal s/n y av. la gasca (c.c. américa) quito Supermaxi Batán Guayaquil - Lote C cuatro uno s/n y vía a Samborondón supermaxi batán lote c cuatro uno s/n y vía a samborondón guayaquil Supermaxi Bicentenario Plaza Quito - Homero Salas s/n y Av. De La Prensa (C.C. Plaza Aeropuerto) supermaxi bicentenario plaza homero salas s/n y av. de la prensa (c.c. plaza aeropuerto) quito Supermaxi Carcelén Quito - Av. Diego Vásquez de Cepeda N77-464 supermaxi carcelén av. diego vásquez de cepeda n77-464 quito Supermaxi Centro Comercial La Pradera Loja - Av. 18 de Noviembre s/n y Gobernación de Mainas (C.C. La Pradera) supermaxi centro comercial la pradera av. 18 de noviembre s/n y gobernación de mainas (c.c. la pradera) loja Supermaxi Challuabamba Cuenca - Panamericana Norte s/n supermaxi challuabamba panamericana norte s/n cuenca Supermaxi Ciudad Celeste Guayaquil - Av. León Febres Cordero. Ribadeneyra - Centro Comercial La Piazza. Ciudad Celeste supermaxi ciudad celeste av. león febres cordero. ribadeneyra - centro comercial la piazza. ciudad celeste guayaquil Supermaxi Ciudad Colón Guayaquil - Av. Rodrigo Chávez Gonzáles, Etapa III, Manzana 270, Solar 1 supermaxi ciudad colón av. rodrigo chávez gonzáles, etapa iii, manzana 270, solar 1 guayaquil Supermaxi Don Bosco Cuenca - Av. Don Bosco s/n y Miguel de Cervantes supermaxi don bosco av. don bosco s/n y miguel de cervantes cuenca Supermaxi El Bosque Quito - Av. Mariscal Antonio José de Sucre s/n y Av. Del Parque (C.C. El Bosque) supermaxi el bosque av. mariscal antonio josé de sucre s/n y av",,202,,,,unknown,
Selecciona un local,"Selecciona un local X Supermaxi 12 de Octubre Quito - Av. 12 de Octubre s/n y Madrid supermaxi 12 de octubre av. 12 de octubre s/n y madrid quito Supermaxi Albán Borja Guayaquil - Av. Carlos Julio Arosemena S/N - Centro Comercial Albán Borja supermaxi albán borja av. carlos julio arosemena s/n - centro comercial albán borja guayaquil Supermaxi América Quito - Gaspar de Carvajal s/n y Av. La Gasca (C.C. América) supermaxi américa gaspar de carvajal s/n y av. la gasca (c.c. américa) quito Supermaxi Batán Guayaquil - Lote C cuatro uno s/n y vía a Samborondón supermaxi batán lote c cuatro uno s/n y vía a samborondón guayaquil Supermaxi Bicentenario Plaza Quito - Homero Salas s/n y Av. De La Prensa (C.C. Plaza Aeropuerto) supermaxi bicentenario plaza homero salas s/n y av. de la prensa (c.c. plaza aeropuerto) quito Supermaxi Carcelén Quito - Av. Diego Vásquez de Cepeda N77-464 supermaxi carcelén av. diego vásquez de cepeda n77-464 quito Supermaxi Centro Comercial La Pradera Loja - Av. 18 de Noviembre s/n y Gobernación de Mainas (C.C. La Pradera) supermaxi centro comercial la pradera av. 18 de noviembre s/n y gobernación de mainas (c.c. la pradera) loja Supermaxi Challuabamba Cuenca - Panamericana Norte s/n supermaxi challuabamba panamericana norte s/n cuenca Supermaxi Ciudad Celeste Guayaquil - Av. León Febres Cordero. Ribadeneyra - Centro Comercial La Piazza. Ciudad Celeste supermaxi ciudad celeste av. león febres cordero. ribadeneyra - centro comercial la piazza. ciudad celeste guayaquil Supermaxi Ciudad Colón Guayaquil - Av. Rodrigo Chávez Gonzáles, Etapa III, Manzana 270, Solar 1 supermaxi ciudad colón av. rodrigo chávez gonzáles, etapa iii, manzana 270, solar 1 guayaquil Supermaxi Don Bosco Cuenca - Av. Don Bosco s/n y Miguel de Cervantes supermaxi don bosco av. don bosco s/n y miguel de cervantes cuenca Supermaxi El Bosque Quito - Av. Mariscal Antonio José de Sucre s/n y Av. Del Parque (C.C. El Bosque) supermaxi el bosque av. mariscal antonio josé de sucre s/n y av",,269,,,,unknown,
Selecciona un local,"Selecciona un local X Supermaxi 12 de Octubre Quito - Av. 12 de Octubre s/n y Madrid supermaxi 12 de octubre av. 12 de octubre s/n y madrid quito Supermaxi Albán Borja Guayaquil - Av. Carlos Julio Arosemena S/N - Centro Comercial Albán Borja supermaxi albán borja av. carlos julio arosemena s/n - centro comercial albán borja guayaquil Supermaxi América Quito - Gaspar de Carvajal s/n y Av. La Gasca (C.C. América) supermaxi américa gaspar de carvajal s/n y av. la gasca (c.c. américa) quito Supermaxi Batán Guayaquil - Lote C cuatro uno s/n y vía a Samborondón supermaxi batán lote c cuatro uno s/n y vía a samborondón guayaquil Supermaxi Bicentenario Plaza Quito - Homero Salas s/n y Av. De La Prensa (C.C. Plaza Aeropuerto) supermaxi bicentenario plaza homero salas s/n y av. de la prensa (c.c. plaza aeropuerto) quito Supermaxi Carcelén Quito - Av. Diego Vásquez de Cepeda N77-464 supermaxi carcelén av. diego vásquez de cepeda n77-464 quito Supermaxi Centro Comercial La Pradera Loja - Av. 18 de Noviembre s/n y Gobernación de Mainas (C.C. La Pradera) supermaxi centro comercial la pradera av. 18 de noviembre s/n y gobernación de mainas (c.c. la pradera) loja Supermaxi Challuabamba Cuenca - Panamericana Norte s/n supermaxi challuabamba panamericana norte s/n cuenca Supermaxi Ciudad Celeste Guayaquil - Av. León Febres Cordero. Ribadeneyra - Centro Comercial La Piazza. Ciudad Celeste supermaxi ciudad celeste av. león febres cordero. ribadeneyra - centro comercial la piazza. ciudad celeste guayaquil Supermaxi Ciudad Colón Guayaquil - Av. Rodrigo Chávez Gonzáles, Etapa III, Manzana 270, Solar 1 supermaxi ciudad colón av. rodrigo chávez gonzáles, etapa iii, manzana 270, solar 1 guayaquil Supermaxi Don Bosco Cuenca - Av. Don Bosco s/n y Miguel de Cervantes supermaxi don bosco av. don bosco s/n y miguel de cervantes cuenca Supermaxi El Bosque Quito - Av. Mariscal Antonio José de Sucre s/n y Av. Del Parque (C.C. El Bosque) supermaxi el bosque av. mariscal antonio josé de sucre s/n y av",,140,,,,unknown,
Selecciona un local,"Selecciona un local X Supermaxi 12 de Octubre Quito - Av. 12 de Octubre s/n y Madrid supermaxi 12 de octubre av. 12 de octubre s/n y madrid quito Supermaxi Albán Borja Guayaquil - Av. Carlos Julio Arosemena S/N - Centro Comercial Albán Borja supermaxi albán borja av. carlos julio arosemena s/n - centro comercial albán borja guayaquil Supermaxi América Quito - Gaspar de Carvajal s/n y Av. La Gasca (C.C. América) supermaxi américa gaspar de carvajal s/n y av. la gasca (c.c. américa) quito Supermaxi Batán Guayaquil - Lote C cuatro uno s/n y vía a Samborondón supermaxi batán lote c cuatro uno s/n y vía a samborondón guayaquil Supermaxi Bicentenario Plaza Quito - Homero Salas s/n y Av. De La Prensa (C.C. Plaza Aeropuerto) supermaxi bicentenario plaza homero salas s/n y av. de la prensa (c.c. plaza aeropuerto) quito Supermaxi Carcelén Quito - Av. Diego Vásquez de Cepeda N77-464 supermaxi carcelén av. diego vásquez de cepeda n77-464 quito Supermaxi Centro Comercial La Pradera Loja - Av. 18 de Noviembre s/n y Gobernación de Mainas (C.C. La Pradera) supermaxi centro comercial la pradera av. 18 de noviembre s/n y gobernación de mainas (c.c. la pradera) loja Supermaxi Challuabamba Cuenca - Panamericana Norte s/n supermaxi challuabamba panamericana norte s/n cuenca Supermaxi Ciudad Celeste Guayaquil - Av. León Febres Cordero. Ribadeneyra - Centro Comercial La Piazza. Ciudad Celeste supermaxi ciudad celeste av. león febres cordero. ribadeneyra - centro comercial la piazza. ciudad celeste guayaquil Supermaxi Ciudad Colón Guayaquil - Av. Rodrigo Chávez Gonzáles, Etapa III, Manzana 270, Solar 1 supermaxi ciudad colón av. rodrigo chávez gonzáles, etapa iii, manzana 270, solar 1 guayaquil Supermaxi Don Bosco Cuenca - Av. Don Bosco s/n y Miguel de Cervantes supermaxi don bosco av. don bosco s/n y miguel de cervantes cuenca Supermaxi El Bosque Quito - Av. Mariscal Antonio José de Sucre s/n y Av. Del Parque (C.C. El Bosque) supermaxi el bosque av. mariscal antonio josé de sucre s/n y av",,182,,,,unknown,
Selecciona un local,"Selecciona un local X Supermaxi 12 de Octubre Quito - Av. 12 de Octubre s/n y Madrid supermaxi 12 de octubre av. 12 de octubre s/n y madrid quito Supermaxi Albán Borja Guayaquil - Av. Carlos Julio Arosemena S/N - Centro Comercial Albán Borja supermaxi albán borja av. carlos julio arosemena s/n - centro comercial albán borja guayaquil Supermaxi América Quito - Gaspar de Carvajal s/n y Av. La Gasca (C.C. América) supermaxi américa gaspar de carvajal s/n y av. la gasca (c.c. américa) quito Supermaxi Batán Guayaquil - Lote C cuatro uno s/n y vía a Samborondón supermaxi batán lote c cuatro uno s/n y vía a samborondón guayaquil Supermaxi Bicentenario Plaza Quito - Homero Salas s/n y Av. De La Prensa (C.C. Plaza Aeropuerto) supermaxi bicentenario plaza homero salas s/n y av. de la prensa (c.c. plaza aeropuerto) quito Supermaxi Carcelén Quito - Av. Diego Vásquez de Cepeda N77-464 supermaxi carcelén av. diego vásquez de cepeda n77-464 quito Supermaxi Centro Comercial La Pradera Loja - Av. 18 de Noviembre s/n y Gobernación de Mainas (C.C. La Pradera) supermaxi centro comercial la pradera av. 18 de noviembre s/n y gobernación de mainas (c.c. la pradera) loja Supermaxi Challuabamba Cuenca - Panamericana Norte s/n supermaxi challuabamba panamericana norte s/n cuenca Supermaxi Ciudad Celeste Guayaquil - Av. León Febres Cordero. Ribadeneyra - Centro Comercial La Piazza. Ciudad Celeste supermaxi ciudad celeste av. león febres cordero. ribadeneyra - centro comercial la piazza. ciudad celeste guayaquil Supermaxi Ciudad Colón Guayaquil - Av. Rodrigo Chávez Gonzáles, Etapa III, Manzana 270, Solar 1 supermaxi ciudad colón av. rodrigo chávez gonzáles, etapa iii, manzana 270, solar 1 guayaquil Supermaxi Don Bosco Cuenca - Av. Don Bosco s/n y Miguel de Cervantes supermaxi don bosco av. don bosco s/n y miguel de cervantes cuenca Supermaxi El Bosque Quito - Av. Mariscal Antonio José de Sucre s/n y Av. Del Parque (C.C. El Bosque) supermaxi el bosque av. mariscal antonio josé de sucre s/n y av",,389,,,,unknown,
Selecciona un local,"Selecciona un local X Supermaxi 12 de Octubre Quito - Av. 12 de Octubre s/n y Madrid supermaxi 12 de octubre av. 12 de octubre s/n y madrid quito Supermaxi Albán Borja Guayaquil - Av. Carlos Julio Arosemena S/N - Centro Comercial Albán Borja supermaxi albán borja av. carlos julio arosemena s/n - centro comercial albán borja guayaquil Supermaxi América Quito - Gaspar de Carvajal s/n y Av. La Gasca (C.C. América) supermaxi américa gaspar de carvajal s/n y av. la gasca (c.c. américa) quito Supermaxi Batán Guayaquil - Lote C cuatro uno s/n y vía a Samborondón supermaxi batán lote c cuatro uno s/n y vía a samborondón guayaquil Supermaxi Bicentenario Plaza Quito - Homero Salas s/n y Av. De La Prensa (C.C. Plaza Aeropuerto) supermaxi bicentenario plaza homero salas s/n y av. de la prensa (c.c. plaza aeropuerto) quito Supermaxi Carcelén Quito - Av. Diego Vásquez de Cepeda N77-464 supermaxi carcelén av. diego vásquez de cepeda n77-464 quito Supermaxi Centro Comercial La Pradera Loja - Av. 18 de Noviembre s/n y Gobernación de Mainas (C.C. La Pradera) supermaxi centro comercial la pradera av. 18 de noviembre s/n y gobernación de mainas (c.c. la pradera) loja Supermaxi Challuabamba Cuenca - Panamericana Norte s/n supermaxi challuabamba panamericana norte s/n cuenca Supermaxi Ciudad Celeste Guayaquil - Av. León Febres Cordero. Ribadeneyra - Centro Comercial La Piazza. Ciudad Celeste supermaxi ciudad celeste av. león febres cordero. ribadeneyra - centro comercial la piazza. ciudad celeste guayaquil Supermaxi Ciudad Colón Guayaquil - Av. Rodrigo Chávez Gonzáles, Etapa III, Manzana 270, Solar 1 supermaxi ciudad colón av. rodrigo chávez gonzáles, etapa iii, manzana 270, solar 1 guayaquil Supermaxi Don Bosco Cuenca - Av. Don Bosco s/n y Miguel de Cervantes supermaxi don bosco av. don bosco s/n y miguel de cervantes cuenca Supermaxi El Bosque Quito - Av. Mariscal Antonio José de Sucre s/n y Av. Del Parque (C.C. El Bosque) supermaxi el bosque av. mariscal antonio josé de sucre s/n y av",,127,,,,unknown,
Selecciona un local,"Selecciona un local X Supermaxi 12 de Octubre Quito - Av. 12 de Octubre s/n y Madrid supermaxi 12 de octubre av. 12 de octubre s/n y madrid quito Supermaxi Albán Borja Guayaquil - Av. Carlos Julio Arosemena S/N - Centro Comercial Albán Borja supermaxi albán borja av. carlos julio arosemena s/n - centro comercial albán borja guayaquil Supermaxi América Quito - Gaspar de Carvajal s/n y Av. La Gasca (C.C. América) supermaxi américa gaspar de carvajal s/n y av. la gasca (c.c. américa) quito Supermaxi Batán Guayaquil - Lote C cuatro uno s/n y vía a Samborondón supermaxi batán lote c cuatro uno s/n y vía a samborondón guayaquil Supermaxi Bicentenario Plaza Quito - Homero Salas s/n y Av. De La Prensa (C.C. Plaza Aeropuerto) supermaxi bicentenario plaza homero salas s/n y av. de la prensa (c.c. plaza aeropuerto) quito Supermaxi Carcelén Quito - Av. Diego Vásquez de Cepeda N77-464 supermaxi carcelén av. diego vásquez de cepeda n77-464 quito Supermaxi Centro Comercial La Pradera Loja - Av. 18 de Noviembre s/n y Gobernación de Mainas (C.C. La Pradera) supermaxi centro comercial la pradera av. 18 de noviembre s/n y gobernación de mainas (c.c. la pradera) loja Supermaxi Challuabamba Cuenca - Panamericana Norte s/n supermaxi challuabamba panamericana norte s/n cuenca Supermaxi Ciudad Celeste Guayaquil - Av. León Febres Cordero. Ribadeneyra - Centro Comercial La Piazza. Ciudad Celeste supermaxi ciudad celeste av. león febres cordero. ribadeneyra - centro comercial la piazza. ciudad celeste guayaquil Supermaxi Ciudad Colón Guayaquil - Av. Rodrigo Chávez Gonzáles, Etapa III, Manzana 270, Solar 1 supermaxi ciudad colón av. rodrigo chávez gonzáles, etapa iii, manzana 270, solar 1 guayaquil Supermaxi Don Bosco Cuenca - Av. Don Bosco s/n y Miguel de Cervantes supermaxi don bosco av. don bosco s/n y miguel de cervantes cuenca Supermaxi El Bosque Quito - Av. Mariscal Antonio José de Sucre s/n y Av. Del Parque (C.C. El Bosque) supermaxi el bosque av. mariscal antonio josé de sucre s/n y av",,791,,,,unknown,
Selecciona un local,"Selecciona un local X Supermaxi 12 de Octubre Quito - Av. 12 de Octubre s/n y Madrid supermaxi 12 de octubre av. 12 de octubre s/n y madrid quito Supermaxi Albán Borja Guayaquil - Av. Carlos Julio Arosemena S/N - Centro Comercial Albán Borja supermaxi albán borja av. carlos julio arosemena s/n - centro comercial albán borja guayaquil Supermaxi América Quito - Gaspar de Carvajal s/n y Av. La Gasca (C.C. América) supermaxi américa gaspar de carvajal s/n y av. la gasca (c.c. américa) quito Supermaxi Batán Guayaquil - Lote C cuatro uno s/n y vía a Samborondón supermaxi batán lote c cuatro uno s/n y vía a samborondón guayaquil Supermaxi Bicentenario Plaza Quito - Homero Salas s/n y Av. De La Prensa (C.C. Plaza Aeropuerto) supermaxi bicentenario plaza homero salas s/n y av. de la prensa (c.c. plaza aeropuerto) quito Supermaxi Carcelén Quito - Av. Diego Vásquez de Cepeda N77-464 supermaxi carcelén av. diego vásquez de cepeda n77-464 quito Supermaxi Centro Comercial La Pradera Loja - Av. 18 de Noviembre s/n y Gobernación de Mainas (C.C. La Pradera) supermaxi centro comercial la pradera av. 18 de noviembre s/n y gobernación de mainas (c.c. la pradera) loja Supermaxi Challuabamba Cuenca - Panamericana Norte s/n supermaxi challuabamba panamericana norte s/n cuenca Supermaxi Ciudad Celeste Guayaquil - Av. León Febres Cordero. Ribadeneyra - Centro Comercial La Piazza. Ciudad Celeste supermaxi ciudad celeste av. león febres cordero. ribadeneyra - centro comercial la piazza. ciudad celeste guayaquil Supermaxi Ciudad Colón Guayaquil - Av. Rodrigo Chávez Gonzáles, Etapa III, Manzana 270, Solar 1 supermaxi ciudad colón av. rodrigo chávez gonzáles, etapa iii, manzana 270, solar 1 guayaquil Supermaxi Don Bosco Cuenca - Av. Don Bosco s/n y Miguel de Cervantes supermaxi don bosco av. don bosco s/n y miguel de cervantes cuenca Supermaxi El Bosque Quito - Av. Mariscal Antonio José de Sucre s/n y Av. Del Parque (C.C. El Bosque) supermaxi el bosque av. mariscal antonio josé de sucre s/n y av",,036,,,,unknown,
Selecciona un local,"Selecciona un local X Supermaxi 12 de Octubre Quito - Av. 12 de Octubre s/n y Madrid supermaxi 12 de octubre av. 12 de octubre s/n y madrid quito Supermaxi Albán Borja Guayaquil - Av. Carlos Julio Arosemena S/N - Centro Comercial Albán Borja supermaxi albán borja av. carlos julio arosemena s/n - centro comercial albán borja guayaquil Supermaxi América Quito - Gaspar de Carvajal s/n y Av. La Gasca (C.C. América) supermaxi américa gaspar de carvajal s/n y av. la gasca (c.c. américa) quito Supermaxi Batán Guayaquil - Lote C cuatro uno s/n y vía a Samborondón supermaxi batán lote c cuatro uno s/n y vía a samborondón guayaquil Supermaxi Bicentenario Plaza Quito - Homero Salas s/n y Av. De La Prensa (C.C. Plaza Aeropuerto) supermaxi bicentenario plaza homero salas s/n y av. de la prensa (c.c. plaza aeropuerto) quito Supermaxi Carcelén Quito - Av. Diego Vásquez de Cepeda N77-464 supermaxi carcelén av. diego vásquez de cepeda n77-464 quito Supermaxi Centro Comercial La Pradera Loja - Av. 18 de Noviembre s/n y Gobernación de Mainas (C.C. La Pradera) supermaxi centro comercial la pradera av. 18 de noviembre s/n y gobernación de mainas (c.c. la pradera) loja Supermaxi Challuabamba Cuenca - Panamericana Norte s/n supermaxi challuabamba panamericana norte s/n cuenca Supermaxi Ciudad Celeste Guayaquil - Av. León Febres Cordero. Ribadeneyra - Centro Comercial La Piazza. Ciudad Celeste supermaxi ciudad celeste av. león febres cordero. ribadeneyra - centro comercial la piazza. ciudad celeste guayaquil Supermaxi Ciudad Colón Guayaquil - Av. Rodrigo Chávez Gonzáles, Etapa III, Manzana 270, Solar 1 supermaxi ciudad colón av. rodrigo chávez gonzáles, etapa iii, manzana 270, solar 1 guayaquil Supermaxi Don Bosco Cuenca - Av. Don Bosco s/n y Miguel de Cervantes supermaxi don bosco av. don bosco s/n y miguel de cervantes cuenca Supermaxi El Bosque Quito - Av. Mariscal Antonio José de Sucre s/n y Av. Del Parque (C.C. El Bosque) supermaxi el bosque av. mariscal antonio josé de sucre s/n y av",,179,,,,unknown,
Selecciona un local,"Selecciona un local X Supermaxi 12 de Octubre Quito - Av. 12 de Octubre s/n y Madrid supermaxi 12 de octubre av. 12 de octubre s/n y madrid quito Supermaxi Albán Borja Guayaquil - Av. Carlos Julio Arosemena S/N - Centro Comercial Albán Borja supermaxi albán borja av. carlos julio arosemena s/n - centro comercial albán borja guayaquil Supermaxi América Quito - Gaspar de Carvajal s/n y Av. La Gasca (C.C. América) supermaxi américa gaspar de carvajal s/n y av. la gasca (c.c. américa) quito Supermaxi Batán Guayaquil - Lote C cuatro uno s/n y vía a Samborondón supermaxi batán lote c cuatro uno s/n y vía a samborondón guayaquil Supermaxi Bicentenario Plaza Quito - Homero Salas s/n y Av. De La Prensa (C.C. Plaza Aeropuerto) supermaxi bicentenario plaza homero salas s/n y av. de la prensa (c.c. plaza aeropuerto) quito Supermaxi Carcelén Quito - Av. Diego Vásquez de Cepeda N77-464 supermaxi carcelén av. diego vásquez de cepeda n77-464 quito Supermaxi Centro Comercial La Pradera Loja - Av. 18 de Noviembre s/n y Gobernación de Mainas (C.C. La Pradera) supermaxi centro comercial la pradera av. 18 de noviembre s/n y gobernación de mainas (c.c. la pradera) loja Supermaxi Challuabamba Cuenca - Panamericana Norte s/n supermaxi challuabamba panamericana norte s/n cuenca Supermaxi Ciudad Celeste Guayaquil - Av. León Febres Cordero. Ribadeneyra - Centro Comercial La Piazza. Ciudad Celeste supermaxi ciudad celeste av. león febres cordero. ribadeneyra - centro comercial la piazza. ciudad celeste guayaquil Supermaxi Ciudad Colón Guayaquil - Av. Rodrigo Chávez Gonzáles, Etapa III, Manzana 270, Solar 1 supermaxi ciudad colón av. rodrigo chávez gonzáles, etapa iii, manzana 270, solar 1 guayaquil Supermaxi Don Bosco Cuenca - Av. Don Bosco s/n y Miguel de Cervantes supermaxi don bosco av. don bosco s/n y miguel de cervantes cuenca Supermaxi El Bosque Quito - Av. Mariscal Antonio José de Sucre s/n y Av. Del Parque (C.C. El Bosque) supermaxi el bosque av. mariscal antonio josé de sucre s/n y av",,1006,,,,unknown,
¡Lo mejor te está esperando!,"¡Lo mejor te está esperando! Descarga la app Departamentos Inicia sesión Ofertas de la semana Listas Alsuper Club Alsuper Alsuper card Estás en Alsuper Plus Leones 90 min Inicio > Panadería Y Tortillería > Panadería > Pan Blanco Perfect Crafted Nature's Own 624 G Detalles: El (T)PAN BLANCO PERFECT CRAFTED de Nature's Own en presentación de 624 gramos es la elección perfecta para tus comidas. Con su textura suave y sabor delicioso, este pan hará que cada bocado sea una experiencia única. Ideal p ... Ver más Pan Blanco Perfect Crafted Nature'S Own 624 g $62.90 $71.90 Agregar al carrito Favoritos Agregar a una lista Recomendados $32.90 Pan Blanco Bimbo 350 G 350 GR Agregar $44.90 Pan Blanco Mybrand 680 G 680 GR Agregar $62.90 $71.90 Pan Blanco Perfect Crafted Nature... 624 GR Agregar $59.90 $65.90 Pan Blanco Butter Top Nature's Own... 567 GR Agregar $48.90 Pan Integral Mybrand 680 G 680 GR Agregar $33.90 Pan Integral Bimbo 350 G 350 GR Agregar $59.90 Pan Artesano Bimbo 567 G 567 GR Agregar $35.90 Pan Thins Cero Cero Bimbo 255 G 255 GR Agregar $51.90 Pan Multigrano Mybrand 567 G 567 GR Agregar $75.90 Pan Crafted Multigrain Nature's Ow... 624 GR Agregar $57.90 Pan White Sara Lee 567 G 567 GR Agregar $59.90 $67.90 Pan Honey Wheat Nature's Own 567 G 567 GR Agregar $74.90 Pan 45 Calories Multigrain Sara Le... 567 GR Agregar $54.90 Medias Noches Brioche Bimbo 384 G 384 GR Agregar $73.90 Pan Crafted Brioche Nature's Own 6... 624 GR Agregar $65.90 Medias Noches Parrilleros Bimbo 52... 526 GR Agregar $59.90 $67.90 Pan 100 % Integral Whole Wheat Nat... 567 GR Agregar $59.90 $67.90 Pan Integral 100% Whole Grain Natu... 567 GR Agregar $28.90 Pan Tostado Mini Mantequilla Bimbo... 115 GR Agregar $67.90 Pan Honey Wheat Sara Lee 567 G 567 GR Agregar $67.90 Pan Classic 100% Whole Wheat Sara... 567 GR Agregar $81.90 Pan 12 Granos Webers 680 G 680 GR Agregar $79.90 Pan Pita Natural Jaye 680 G 680 GR Agregar $74.90 Pan 100% Whole Wheat Honey 45 Calori... 567 GR AGOTADO $81.90 Pan Pita Poc",,6290,,,,unknown,
Selecciona un local,"Selecciona un local X Supermaxi 12 de Octubre Quito - Av. 12 de Octubre s/n y Madrid supermaxi 12 de octubre av. 12 de octubre s/n y madrid quito Supermaxi Albán Borja Guayaquil - Av. Carlos Julio Arosemena S/N - Centro Comercial Albán Borja supermaxi albán borja av. carlos julio arosemena s/n - centro comercial albán borja guayaquil Supermaxi América Quito - Gaspar de Carvajal s/n y Av. La Gasca (C.C. América) supermaxi américa gaspar de carvajal s/n y av. la gasca (c.c. américa) quito Supermaxi Batán Guayaquil - Lote C cuatro uno s/n y vía a Samborondón supermaxi batán lote c cuatro uno s/n y vía a samborondón guayaquil Supermaxi Bicentenario Plaza Quito - Homero Salas s/n y Av. De La Prensa (C.C. Plaza Aeropuerto) supermaxi bicentenario plaza homero salas s/n y av. de la prensa (c.c. plaza aeropuerto) quito Supermaxi Carcelén Quito - Av. Diego Vásquez de Cepeda N77-464 supermaxi carcelén av. diego vásquez de cepeda n77-464 quito Supermaxi Centro Comercial La Pradera Loja - Av. 18 de Noviembre s/n y Gobernación de Mainas (C.C. La Pradera) supermaxi centro comercial la pradera av. 18 de noviembre s/n y gobernación de mainas (c.c. la pradera) loja Supermaxi Challuabamba Cuenca - Panamericana Norte s/n supermaxi challuabamba panamericana norte s/n cuenca Supermaxi Ciudad Celeste Guayaquil - Av. León Febres Cordero. Ribadeneyra - Centro Comercial La Piazza. Ciudad Celeste supermaxi ciudad celeste av. león febres cordero. ribadeneyra - centro comercial la piazza. ciudad celeste guayaquil Supermaxi Ciudad Colón Guayaquil - Av. Rodrigo Chávez Gonzáles, Etapa III, Manzana 270, Solar 1 supermaxi ciudad colón av. rodrigo chávez gonzáles, etapa iii, manzana 270, solar 1 guayaquil Supermaxi Don Bosco Cuenca - Av. Don Bosco s/n y Miguel de Cervantes supermaxi don bosco av. don bosco s/n y miguel de cervantes cuenca Supermaxi El Bosque Quito - Av. Mariscal Antonio José de Sucre s/n y Av. Del Parque (C.C. El Bosque) supermaxi el bosque av. mariscal antonio josé de sucre s/n y av",,064,,,,unknown,
Selecciona un local,"Selecciona un local X Supermaxi 12 de Octubre Quito - Av. 12 de Octubre s/n y Madrid supermaxi 12 de octubre av. 12 de octubre s/n y madrid quito Supermaxi Albán Borja Guayaquil - Av. Carlos Julio Arosemena S/N - Centro Comercial Albán Borja supermaxi albán borja av. carlos julio arosemena s/n - centro comercial albán borja guayaquil Supermaxi América Quito - Gaspar de Carvajal s/n y Av. La Gasca (C.C. América) supermaxi américa gaspar de carvajal s/n y av. la gasca (c.c. américa) quito Supermaxi Batán Guayaquil - Lote C cuatro uno s/n y vía a Samborondón supermaxi batán lote c cuatro uno s/n y vía a samborondón guayaquil Supermaxi Bicentenario Plaza Quito - Homero Salas s/n y Av. De La Prensa (C.C. Plaza Aeropuerto) supermaxi bicentenario plaza homero salas s/n y av. de la prensa (c.c. plaza aeropuerto) quito Supermaxi Carcelén Quito - Av. Diego Vásquez de Cepeda N77-464 supermaxi carcelén av. diego vásquez de cepeda n77-464 quito Supermaxi Centro Comercial La Pradera Loja - Av. 18 de Noviembre s/n y Gobernación de Mainas (C.C. La Pradera) supermaxi centro comercial la pradera av. 18 de noviembre s/n y gobernación de mainas (c.c. la pradera) loja Supermaxi Challuabamba Cuenca - Panamericana Norte s/n supermaxi challuabamba panamericana norte s/n cuenca Supermaxi Ciudad Celeste Guayaquil - Av. León Febres Cordero. Ribadeneyra - Centro Comercial La Piazza. Ciudad Celeste supermaxi ciudad celeste av. león febres cordero. ribadeneyra - centro comercial la piazza. ciudad celeste guayaquil Supermaxi Ciudad Colón Guayaquil - Av. Rodrigo Chávez Gonzáles, Etapa III, Manzana 270, Solar 1 supermaxi ciudad colón av. rodrigo chávez gonzáles, etapa iii, manzana 270, solar 1 guayaquil Supermaxi Don Bosco Cuenca - Av. Don Bosco s/n y Miguel de Cervantes supermaxi don bosco av. don bosco s/n y miguel de cervantes cuenca Supermaxi El Bosque Quito - Av. Mariscal Antonio José de Sucre s/n y Av. Del Parque (C.C. El Bosque) supermaxi el bosque av. mariscal antonio josé de sucre s/n y av",,229,,,,unknown,
Selecciona un local,"Selecciona un local X Supermaxi 12 de Octubre Quito - Av. 12 de Octubre s/n y Madrid supermaxi 12 de octubre av. 12 de octubre s/n y madrid quito Supermaxi Albán Borja Guayaquil - Av. Carlos Julio Arosemena S/N - Centro Comercial Albán Borja supermaxi albán borja av. carlos julio arosemena s/n - centro comercial albán borja guayaquil Supermaxi América Quito - Gaspar de Carvajal s/n y Av. La Gasca (C.C. América) supermaxi américa gaspar de carvajal s/n y av. la gasca (c.c. américa) quito Supermaxi Batán Guayaquil - Lote C cuatro uno s/n y vía a Samborondón supermaxi batán lote c cuatro uno s/n y vía a samborondón guayaquil Supermaxi Bicentenario Plaza Quito - Homero Salas s/n y Av. De La Prensa (C.C. Plaza Aeropuerto) supermaxi bicentenario plaza homero salas s/n y av. de la prensa (c.c. plaza aeropuerto) quito Supermaxi Carcelén Quito - Av. Diego Vásquez de Cepeda N77-464 supermaxi carcelén av. diego vásquez de cepeda n77-464 quito Supermaxi Centro Comercial La Pradera Loja - Av. 18 de Noviembre s/n y Gobernación de Mainas (C.C. La Pradera) supermaxi centro comercial la pradera av. 18 de noviembre s/n y gobernación de mainas (c.c. la pradera) loja Supermaxi Challuabamba Cuenca - Panamericana Norte s/n supermaxi challuabamba panamericana norte s/n cuenca Supermaxi Ciudad Celeste Guayaquil - Av. León Febres Cordero. Ribadeneyra - Centro Comercial La Piazza. Ciudad Celeste supermaxi ciudad celeste av. león febres cordero. ribadeneyra - centro comercial la piazza. ciudad celeste guayaquil Supermaxi Ciudad Colón Guayaquil - Av. Rodrigo Chávez Gonzáles, Etapa III, Manzana 270, Solar 1 supermaxi ciudad colón av. rodrigo chávez gonzáles, etapa iii, manzana 270, solar 1 guayaquil Supermaxi Don Bosco Cuenca - Av. Don Bosco s/n y Miguel de Cervantes supermaxi don bosco av. don bosco s/n y miguel de cervantes cuenca Supermaxi El Bosque Quito - Av. Mariscal Antonio José de Sucre s/n y Av. Del Parque (C.C. El Bosque) supermaxi el bosque av. mariscal antonio josé de sucre s/n y av",,672,,,,unknown,
Selecciona un local,"Selecciona un local X Supermaxi 12 de Octubre Quito - Av. 12 de Octubre s/n y Madrid supermaxi 12 de octubre av. 12 de octubre s/n y madrid quito Supermaxi Albán Borja Guayaquil - Av. Carlos Julio Arosemena S/N - Centro Comercial Albán Borja supermaxi albán borja av. carlos julio arosemena s/n - centro comercial albán borja guayaquil Supermaxi América Quito - Gaspar de Carvajal s/n y Av. La Gasca (C.C. América) supermaxi américa gaspar de carvajal s/n y av. la gasca (c.c. américa) quito Supermaxi Batán Guayaquil - Lote C cuatro uno s/n y vía a Samborondón supermaxi batán lote c cuatro uno s/n y vía a samborondón guayaquil Supermaxi Bicentenario Plaza Quito - Homero Salas s/n y Av. De La Prensa (C.C. Plaza Aeropuerto) supermaxi bicentenario plaza homero salas s/n y av. de la prensa (c.c. plaza aeropuerto) quito Supermaxi Carcelén Quito - Av. Diego Vásquez de Cepeda N77-464 supermaxi carcelén av. diego vásquez de cepeda n77-464 quito Supermaxi Centro Comercial La Pradera Loja - Av. 18 de Noviembre s/n y Gobernación de Mainas (C.C. La Pradera) supermaxi centro comercial la pradera av. 18 de noviembre s/n y gobernación de mainas (c.c. la pradera) loja Supermaxi Challuabamba Cuenca - Panamericana Norte s/n supermaxi challuabamba panamericana norte s/n cuenca Supermaxi Ciudad Celeste Guayaquil - Av. León Febres Cordero. Ribadeneyra - Centro Comercial La Piazza. Ciudad Celeste supermaxi ciudad celeste av. león febres cordero. ribadeneyra - centro comercial la piazza. ciudad celeste guayaquil Supermaxi Ciudad Colón Guayaquil - Av. Rodrigo Chávez Gonzáles, Etapa III, Manzana 270, Solar 1 supermaxi ciudad colón av. rodrigo chávez gonzáles, etapa iii, manzana 270, solar 1 guayaquil Supermaxi Don Bosco Cuenca - Av. Don Bosco s/n y Miguel de Cervantes supermaxi don bosco av. don bosco s/n y miguel de cervantes cuenca Supermaxi El Bosque Quito - Av. Mariscal Antonio José de Sucre s/n y Av. Del Parque (C.C. El Bosque) supermaxi el bosque av. mariscal antonio josé de sucre s/n y av",,676,,,,unknown,
Selecciona un local,"Selecciona un local X Supermaxi 12 de Octubre Quito - Av. 12 de Octubre s/n y Madrid supermaxi 12 de octubre av. 12 de octubre s/n y madrid quito Supermaxi Albán Borja Guayaquil - Av. Carlos Julio Arosemena S/N - Centro Comercial Albán Borja supermaxi albán borja av. carlos julio arosemena s/n - centro comercial albán borja guayaquil Supermaxi América Quito - Gaspar de Carvajal s/n y Av. La Gasca (C.C. América) supermaxi américa gaspar de carvajal s/n y av. la gasca (c.c. américa) quito Supermaxi Batán Guayaquil - Lote C cuatro uno s/n y vía a Samborondón supermaxi batán lote c cuatro uno s/n y vía a samborondón guayaquil Supermaxi Bicentenario Plaza Quito - Homero Salas s/n y Av. De La Prensa (C.C. Plaza Aeropuerto) supermaxi bicentenario plaza homero salas s/n y av. de la prensa (c.c. plaza aeropuerto) quito Supermaxi Carcelén Quito - Av. Diego Vásquez de Cepeda N77-464 supermaxi carcelén av. diego vásquez de cepeda n77-464 quito Supermaxi Centro Comercial La Pradera Loja - Av. 18 de Noviembre s/n y Gobernación de Mainas (C.C. La Pradera) supermaxi centro comercial la pradera av. 18 de noviembre s/n y gobernación de mainas (c.c. la pradera) loja Supermaxi Challuabamba Cuenca - Panamericana Norte s/n supermaxi challuabamba panamericana norte s/n cuenca Supermaxi Ciudad Celeste Guayaquil - Av. León Febres Cordero. Ribadeneyra - Centro Comercial La Piazza. Ciudad Celeste supermaxi ciudad celeste av. león febres cordero. ribadeneyra - centro comercial la piazza. ciudad celeste guayaquil Supermaxi Ciudad Colón Guayaquil - Av. Rodrigo Chávez Gonzáles, Etapa III, Manzana 270, Solar 1 supermaxi ciudad colón av. rodrigo chávez gonzáles, etapa iii, manzana 270, solar 1 guayaquil Supermaxi Don Bosco Cuenca - Av. Don Bosco s/n y Miguel de Cervantes supermaxi don bosco av. don bosco s/n y miguel de cervantes cuenca Supermaxi El Bosque Quito - Av. Mariscal Antonio José de Sucre s/n y Av. Del Parque (C.C. El Bosque) supermaxi el bosque av. mariscal antonio josé de sucre s/n y av",,1191,,,,unknown,
Selecciona un local,"Selecciona un local X Supermaxi 12 de Octubre Quito - Av. 12 de Octubre s/n y Madrid supermaxi 12 de octubre av. 12 de octubre s/n y madrid quito Supermaxi Albán Borja Guayaquil - Av. Carlos Julio Arosemena S/N - Centro Comercial Albán Borja supermaxi albán borja av. carlos julio arosemena s/n - centro comercial albán borja guayaquil Supermaxi América Quito - Gaspar de Carvajal s/n y Av. La Gasca (C.C. América) supermaxi américa gaspar de carvajal s/n y av. la gasca (c.c. américa) quito Supermaxi Batán Guayaquil - Lote C cuatro uno s/n y vía a Samborondón supermaxi batán lote c cuatro uno s/n y vía a samborondón guayaquil Supermaxi Bicentenario Plaza Quito - Homero Salas s/n y Av. De La Prensa (C.C. Plaza Aeropuerto) supermaxi bicentenario plaza homero salas s/n y av. de la prensa (c.c. plaza aeropuerto) quito Supermaxi Carcelén Quito - Av. Diego Vásquez de Cepeda N77-464 supermaxi carcelén av. diego vásquez de cepeda n77-464 quito Supermaxi Centro Comercial La Pradera Loja - Av. 18 de Noviembre s/n y Gobernación de Mainas (C.C. La Pradera) supermaxi centro comercial la pradera av. 18 de noviembre s/n y gobernación de mainas (c.c. la pradera) loja Supermaxi Challuabamba Cuenca - Panamericana Norte s/n supermaxi challuabamba panamericana norte s/n cuenca Supermaxi Ciudad Celeste Guayaquil - Av. León Febres Cordero. Ribadeneyra - Centro Comercial La Piazza. Ciudad Celeste supermaxi ciudad celeste av. león febres cordero. ribadeneyra - centro comercial la piazza. ciudad celeste guayaquil Supermaxi Ciudad Colón Guayaquil - Av. Rodrigo Chávez Gonzáles, Etapa III, Manzana 270, Solar 1 supermaxi ciudad colón av. rodrigo chávez gonzáles, etapa iii, manzana 270, solar 1 guayaquil Supermaxi Don Bosco Cuenca - Av. Don Bosco s/n y Miguel de Cervantes supermaxi don bosco av. don bosco s/n y miguel de cervantes cuenca Supermaxi El Bosque Quito - Av. Mariscal Antonio José de Sucre s/n y Av. Del Parque (C.C. El Bosque) supermaxi el bosque av. mariscal antonio josé de sucre s/n y av",,212,,,,unknown,
Selecciona un local,"Selecciona un local X Supermaxi 12 de Octubre Quito - Av. 12 de Octubre s/n y Madrid supermaxi 12 de octubre av. 12 de octubre s/n y madrid quito Supermaxi Albán Borja Guayaquil - Av. Carlos Julio Arosemena S/N - Centro Comercial Albán Borja supermaxi albán borja av. carlos julio arosemena s/n - centro comercial albán borja guayaquil Supermaxi América Quito - Gaspar de Carvajal s/n y Av. La Gasca (C.C. América) supermaxi américa gaspar de carvajal s/n y av. la gasca (c.c. américa) quito Supermaxi Batán Guayaquil - Lote C cuatro uno s/n y vía a Samborondón supermaxi batán lote c cuatro uno s/n y vía a samborondón guayaquil Supermaxi Bicentenario Plaza Quito - Homero Salas s/n y Av. De La Prensa (C.C. Plaza Aeropuerto) supermaxi bicentenario plaza homero salas s/n y av. de la prensa (c.c. plaza aeropuerto) quito Supermaxi Carcelén Quito - Av. Diego Vásquez de Cepeda N77-464 supermaxi carcelén av. diego vásquez de cepeda n77-464 quito Supermaxi Centro Comercial La Pradera Loja - Av. 18 de Noviembre s/n y Gobernación de Mainas (C.C. La Pradera) supermaxi centro comercial la pradera av. 18 de noviembre s/n y gobernación de mainas (c.c. la pradera) loja Supermaxi Challuabamba Cuenca - Panamericana Norte s/n supermaxi challuabamba panamericana norte s/n cuenca Supermaxi Ciudad Celeste Guayaquil - Av. León Febres Cordero. Ribadeneyra - Centro Comercial La Piazza. Ciudad Celeste supermaxi ciudad celeste av. león febres cordero. ribadeneyra - centro comercial la piazza. ciudad celeste guayaquil Supermaxi Ciudad Colón Guayaquil - Av. Rodrigo Chávez Gonzáles, Etapa III, Manzana 270, Solar 1 supermaxi ciudad colón av. rodrigo chávez gonzáles, etapa iii, manzana 270, solar 1 guayaquil Supermaxi Don Bosco Cuenca - Av. Don Bosco s/n y Miguel de Cervantes supermaxi don bosco av. don bosco s/n y miguel de cervantes cuenca Supermaxi El Bosque Quito - Av. Mariscal Antonio José de Sucre s/n y Av. Del Parque (C.C. El Bosque) supermaxi el bosque av. mariscal antonio josé de sucre s/n y av",,,,,,unknown,
Selecciona un local,"Selecciona un local X Supermaxi 12 de Octubre Quito - Av. 12 de Octubre s/n y Madrid supermaxi 12 de octubre av. 12 de octubre s/n y madrid quito Supermaxi Albán Borja Guayaquil - Av. Carlos Julio Arosemena S/N - Centro Comercial Albán Borja supermaxi albán borja av. carlos julio arosemena s/n - centro comercial albán borja guayaquil Supermaxi América Quito - Gaspar de Carvajal s/n y Av. La Gasca (C.C. América) supermaxi américa gaspar de carvajal s/n y av. la gasca (c.c. américa) quito Supermaxi Batán Guayaquil - Lote C cuatro uno s/n y vía a Samborondón supermaxi batán lote c cuatro uno s/n y vía a samborondón guayaquil Supermaxi Bicentenario Plaza Quito - Homero Salas s/n y Av. De La Prensa (C.C. Plaza Aeropuerto) supermaxi bicentenario plaza homero salas s/n y av. de la prensa (c.c. plaza aeropuerto) quito Supermaxi Carcelén Quito - Av. Diego Vásquez de Cepeda N77-464 supermaxi carcelén av. diego vásquez de cepeda n77-464 quito Supermaxi Centro Comercial La Pradera Loja - Av. 18 de Noviembre s/n y Gobernación de Mainas (C.C. La Pradera) supermaxi centro comercial la pradera av. 18 de noviembre s/n y gobernación de mainas (c.c. la pradera) loja Supermaxi Challuabamba Cuenca - Panamericana Norte s/n supermaxi challuabamba panamericana norte s/n cuenca Supermaxi Ciudad Celeste Guayaquil - Av. León Febres Cordero. Ribadeneyra - Centro Comercial La Piazza. Ciudad Celeste supermaxi ciudad celeste av. león febres cordero. ribadeneyra - centro comercial la piazza. ciudad celeste guayaquil Supermaxi Ciudad Colón Guayaquil - Av. Rodrigo Chávez Gonzáles, Etapa III, Manzana 270, Solar 1 supermaxi ciudad colón av. rodrigo chávez gonzáles, etapa iii, manzana 270, solar 1 guayaquil Supermaxi Don Bosco Cuenca - Av. Don Bosco s/n y Miguel de Cervantes supermaxi don bosco av. don bosco s/n y miguel de cervantes cuenca Supermaxi El Bosque Quito - Av. Mariscal Antonio José de Sucre s/n y Av. Del Parque (C.C. El Bosque) supermaxi el bosque av. mariscal antonio josé de sucre s/n y av",,,,,,unknown,
Selecciona un local,"Selecciona un local X Supermaxi 12 de Octubre Quito - Av. 12 de Octubre s/n y Madrid supermaxi 12 de octubre av. 12 de octubre s/n y madrid quito Supermaxi Albán Borja Guayaquil - Av. Carlos Julio Arosemena S/N - Centro Comercial Albán Borja supermaxi albán borja av. carlos julio arosemena s/n - centro comercial albán borja guayaquil Supermaxi América Quito - Gaspar de Carvajal s/n y Av. La Gasca (C.C. América) supermaxi américa gaspar de carvajal s/n y av. la gasca (c.c. américa) quito Supermaxi Batán Guayaquil - Lote C cuatro uno s/n y vía a Samborondón supermaxi batán lote c cuatro uno s/n y vía a samborondón guayaquil Supermaxi Bicentenario Plaza Quito - Homero Salas s/n y Av. De La Prensa (C.C. Plaza Aeropuerto) supermaxi bicentenario plaza homero salas s/n y av. de la prensa (c.c. plaza aeropuerto) quito Supermaxi Carcelén Quito - Av. Diego Vásquez de Cepeda N77-464 supermaxi carcelén av. diego vásquez de cepeda n77-464 quito Supermaxi Centro Comercial La Pradera Loja - Av. 18 de Noviembre s/n y Gobernación de Mainas (C.C. La Pradera) supermaxi centro comercial la pradera av. 18 de noviembre s/n y gobernación de mainas (c.c. la pradera) loja Supermaxi Challuabamba Cuenca - Panamericana Norte s/n supermaxi challuabamba panamericana norte s/n cuenca Supermaxi Ciudad Celeste Guayaquil - Av. León Febres Cordero. Ribadeneyra - Centro Comercial La Piazza. Ciudad Celeste supermaxi ciudad celeste av. león febres cordero. ribadeneyra - centro comercial la piazza. ciudad celeste guayaquil Supermaxi Ciudad Colón Guayaquil - Av. Rodrigo Chávez Gonzáles, Etapa III, Manzana 270, Solar 1 supermaxi ciudad colón av. rodrigo chávez gonzáles, etapa iii, manzana 270, solar 1 guayaquil Supermaxi Don Bosco Cuenca - Av. Don Bosco s/n y Miguel de Cervantes supermaxi don bosco av. don bosco s/n y miguel de cervantes cuenca Supermaxi El Bosque Quito - Av. Mariscal Antonio José de Sucre s/n y Av. Del Parque (C.C. El Bosque) supermaxi el bosque av. mariscal antonio josé de sucre s/n y av",,769,,,,unknown,
Selecciona un local,"Selecciona un local X Supermaxi 12 de Octubre Quito - Av. 12 de Octubre s/n y Madrid supermaxi 12 de octubre av. 12 de octubre s/n y madrid quito Supermaxi Albán Borja Guayaquil - Av. Carlos Julio Arosemena S/N - Centro Comercial Albán Borja supermaxi albán borja av. carlos julio arosemena s/n - centro comercial albán borja guayaquil Supermaxi América Quito - Gaspar de Carvajal s/n y Av. La Gasca (C.C. América) supermaxi américa gaspar de carvajal s/n y av. la gasca (c.c. américa) quito Supermaxi Batán Guayaquil - Lote C cuatro uno s/n y vía a Samborondón supermaxi batán lote c cuatro uno s/n y vía a samborondón guayaquil Supermaxi Bicentenario Plaza Quito - Homero Salas s/n y Av. De La Prensa (C.C. Plaza Aeropuerto) supermaxi bicentenario plaza homero salas s/n y av. de la prensa (c.c. plaza aeropuerto) quito Supermaxi Carcelén Quito - Av. Diego Vásquez de Cepeda N77-464 supermaxi carcelén av. diego vásquez de cepeda n77-464 quito Supermaxi Centro Comercial La Pradera Loja - Av. 18 de Noviembre s/n y Gobernación de Mainas (C.C. La Pradera) supermaxi centro comercial la pradera av. 18 de noviembre s/n y gobernación de mainas (c.c. la pradera) loja Supermaxi Challuabamba Cuenca - Panamericana Norte s/n supermaxi challuabamba panamericana norte s/n cuenca Supermaxi Ciudad Celeste Guayaquil - Av. León Febres Cordero. Ribadeneyra - Centro Comercial La Piazza. Ciudad Celeste supermaxi ciudad celeste av. león febres cordero. ribadeneyra - centro comercial la piazza. ciudad celeste guayaquil Supermaxi Ciudad Colón Guayaquil - Av. Rodrigo Chávez Gonzáles, Etapa III, Manzana 270, Solar 1 supermaxi ciudad colón av. rodrigo chávez gonzáles, etapa iii, manzana 270, solar 1 guayaquil Supermaxi Don Bosco Cuenca - Av. Don Bosco s/n y Miguel de Cervantes supermaxi don bosco av. don bosco s/n y miguel de cervantes cuenca Supermaxi El Bosque Quito - Av. Mariscal Antonio José de Sucre s/n y Av. Del Parque (C.C. El Bosque) supermaxi el bosque av. mariscal antonio josé de sucre s/n y av",,2065,,,,unknown,
¡Lo mejor te está esperando!,"¡Lo mejor te está esperando! Descarga la app Departamentos Inicia sesión Ofertas de la semana Listas Alsuper Club Alsuper Alsuper card Estás en Alsuper Plus Leones 90 min Inicio > Panadería Y Tortillería > Panadería > Pan Blanco Paq Bimbo 620 G Detalles: Disfruta del delicioso sabor y la textura suave del Pan Blanco Bimbo en su práctico paquete de 620 gramos. Perfecto para tus desayunos y meriendas, este pan es un clásico que nunca pasa de moda. ¡No te quedes sin el tuyo! ... Ver más Pan Blanco Paq Bimbo 620 g $54.90 Agregar al carrito Favoritos Agregar a una lista Recomendados $54.90 Pan Blanco Paq Bimbo 620 G 620 GR Agregar $32.90 Pan Blanco Bimbo 350 G 350 GR Agregar $44.90 Pan Blanco Mybrand 680 G 680 GR Agregar $62.90 $71.90 Pan Blanco Perfect Crafted Nature... 624 GR Agregar $59.90 $65.90 Pan Blanco Butter Top Nature's Own... 567 GR Agregar $63.90 Pan Blanco Con Leche Y Ajonjoli Wo... 567 GR Agregar -21% $83.90 $104.90 Pan Blanco Sin Gluten Real Natural ... 200 GR AGOTADO $54.90 Pan Blanco Rinde Bimbo 620 Gramos 620 GR AGOTADO $44.90 $53.90 Chocolate De Mesa Marqueta Abuelita... 180 GR Agregar $59.90 Harina Precocida De Maiz Blanco Pan... 1 KG Agregar $3.50 Bolillo 1 Pza 1 PZ Agregar $5.00 Telera Integral 1 Pza 1 PZ Agregar $45.90 Salchichon Rebanado Chimex 400 Gr 400 GR Agregar $7.00 Pan Frances 1 Pza 1 PZ Agregar $59.90 Pan Grande Integral Bimbo 620 G 620 GR Agregar $48.90 Pan Integral Mybrand 680 G 680 GR Agregar $33.90 Pan Integral Bimbo 350 G 350 GR Agregar $67.90 $73.90 Pan Cero Cero Bimbo 610 G 610 GR Agregar $73.90 Pan Multigrano Cero Cero Bimbo 610... 610 GR Agregar $52.90 Pan Medias Noches Bimbo 340 G 340 GR Agregar $22.90 Pan De Muerto Tradicional De Azucar ... 1 PZ Agregar $27.90 $32.90 Pan Molido Bimbo 210 G 210 GR Agregar $29.90 $32.90 Queso Crema Fiorelo 190 G 190 GR Agregar $59.90 Pan Artesano Bimbo 567 G 567 GR Agregar $59.90 Pan Artesano Multigrano Bimbo 610 ... 610 GR Agregar $67.90 Jamon Real Pavo Rebanadas Sandwich ... 250 GR Agregar $26.9",,5490,,,,unknown,
Selecciona un local,"Selecciona un local X Supermaxi 12 de Octubre Quito - Av. 12 de Octubre s/n y Madrid supermaxi 12 de octubre av. 12 de octubre s/n y madrid quito Supermaxi Albán Borja Guayaquil - Av. Carlos Julio Arosemena S/N - Centro Comercial Albán Borja supermaxi albán borja av. carlos julio arosemena s/n - centro comercial albán borja guayaquil Supermaxi América Quito - Gaspar de Carvajal s/n y Av. La Gasca (C.C. América) supermaxi américa gaspar de carvajal s/n y av. la gasca (c.c. américa) quito Supermaxi Batán Guayaquil - Lote C cuatro uno s/n y vía a Samborondón supermaxi batán lote c cuatro uno s/n y vía a samborondón guayaquil Supermaxi Bicentenario Plaza Quito - Homero Salas s/n y Av. De La Prensa (C.C. Plaza Aeropuerto) supermaxi bicentenario plaza homero salas s/n y av. de la prensa (c.c. plaza aeropuerto) quito Supermaxi Carcelén Quito - Av. Diego Vásquez de Cepeda N77-464 supermaxi carcelén av. diego vásquez de cepeda n77-464 quito Supermaxi Centro Comercial La Pradera Loja - Av. 18 de Noviembre s/n y Gobernación de Mainas (C.C. La Pradera) supermaxi centro comercial la pradera av. 18 de noviembre s/n y gobernación de mainas (c.c. la pradera) loja Supermaxi Challuabamba Cuenca - Panamericana Norte s/n supermaxi challuabamba panamericana norte s/n cuenca Supermaxi Ciudad Celeste Guayaquil - Av. León Febres Cordero. Ribadeneyra - Centro Comercial La Piazza. Ciudad Celeste supermaxi ciudad celeste av. león febres cordero. ribadeneyra - centro comercial la piazza. ciudad celeste guayaquil Supermaxi Ciudad Colón Guayaquil - Av. Rodrigo Chávez Gonzáles, Etapa III, Manzana 270, Solar 1 supermaxi ciudad colón av. rodrigo chávez gonzáles, etapa iii, manzana 270, solar 1 guayaquil Supermaxi Don Bosco Cuenca - Av. Don Bosco s/n y Miguel de Cervantes supermaxi don bosco av. don bosco s/n y miguel de cervantes cuenca Supermaxi El Bosque Quito - Av. Mariscal Antonio José de Sucre s/n y Av. Del Parque (C.C. El Bosque) supermaxi el bosque av. mariscal antonio josé de sucre s/n y av",,179,,,,unknown,
Selecciona un local,"Selecciona un local X Supermaxi 12 de Octubre Quito - Av. 12 de Octubre s/n y Madrid supermaxi 12 de octubre av. 12 de octubre s/n y madrid quito Supermaxi Albán Borja Guayaquil - Av. Carlos Julio Arosemena S/N - Centro Comercial Albán Borja supermaxi albán borja av. carlos julio arosemena s/n - centro comercial albán borja guayaquil Supermaxi América Quito - Gaspar de Carvajal s/n y Av. La Gasca (C.C. América) supermaxi américa gaspar de carvajal s/n y av. la gasca (c.c. américa) quito Supermaxi Batán Guayaquil - Lote C cuatro uno s/n y vía a Samborondón supermaxi batán lote c cuatro uno s/n y vía a samborondón guayaquil Supermaxi Bicentenario Plaza Quito - Homero Salas s/n y Av. De La Prensa (C.C. Plaza Aeropuerto) supermaxi bicentenario plaza homero salas s/n y av. de la prensa (c.c. plaza aeropuerto) quito Supermaxi Carcelén Quito - Av. Diego Vásquez de Cepeda N77-464 supermaxi carcelén av. diego vásquez de cepeda n77-464 quito Supermaxi Centro Comercial La Pradera Loja - Av. 18 de Noviembre s/n y Gobernación de Mainas (C.C. La Pradera) supermaxi centro comercial la pradera av. 18 de noviembre s/n y gobernación de mainas (c.c. la pradera) loja Supermaxi Challuabamba Cuenca - Panamericana Norte s/n supermaxi challuabamba panamericana norte s/n cuenca Supermaxi Ciudad Celeste Guayaquil - Av. León Febres Cordero. Ribadeneyra - Centro Comercial La Piazza. Ciudad Celeste supermaxi ciudad celeste av. león febres cordero. ribadeneyra - centro comercial la piazza. ciudad celeste guayaquil Supermaxi Ciudad Colón Guayaquil - Av. Rodrigo Chávez Gonzáles, Etapa III, Manzana 270, Solar 1 supermaxi ciudad colón av. rodrigo chávez gonzáles, etapa iii, manzana 270, solar 1 guayaquil Supermaxi Don Bosco Cuenca - Av. Don Bosco s/n y Miguel de Cervantes supermaxi don bosco av. don bosco s/n y miguel de cervantes cuenca Supermaxi El Bosque Quito - Av. Mariscal Antonio José de Sucre s/n y Av. Del Parque (C.C. El Bosque) supermaxi el bosque av. mariscal antonio josé de sucre s/n y av",,,,,,unknown,
Selecciona un local,"Selecciona un local X Supermaxi 12 de Octubre Quito - Av. 12 de Octubre s/n y Madrid supermaxi 12 de octubre av. 12 de octubre s/n y madrid quito Supermaxi Albán Borja Guayaquil - Av. Carlos Julio Arosemena S/N - Centro Comercial Albán Borja supermaxi albán borja av. carlos julio arosemena s/n - centro comercial albán borja guayaquil Supermaxi América Quito - Gaspar de Carvajal s/n y Av. La Gasca (C.C. América) supermaxi américa gaspar de carvajal s/n y av. la gasca (c.c. américa) quito Supermaxi Batán Guayaquil - Lote C cuatro uno s/n y vía a Samborondón supermaxi batán lote c cuatro uno s/n y vía a samborondón guayaquil Supermaxi Bicentenario Plaza Quito - Homero Salas s/n y Av. De La Prensa (C.C. Plaza Aeropuerto) supermaxi bicentenario plaza homero salas s/n y av. de la prensa (c.c. plaza aeropuerto) quito Supermaxi Carcelén Quito - Av. Diego Vásquez de Cepeda N77-464 supermaxi carcelén av. diego vásquez de cepeda n77-464 quito Supermaxi Centro Comercial La Pradera Loja - Av. 18 de Noviembre s/n y Gobernación de Mainas (C.C. La Pradera) supermaxi centro comercial la pradera av. 18 de noviembre s/n y gobernación de mainas (c.c. la pradera) loja Supermaxi Challuabamba Cuenca - Panamericana Norte s/n supermaxi challuabamba panamericana norte s/n cuenca Supermaxi Ciudad Celeste Guayaquil - Av. León Febres Cordero. Ribadeneyra - Centro Comercial La Piazza. Ciudad Celeste supermaxi ciudad celeste av. león febres cordero. ribadeneyra - centro comercial la piazza. ciudad celeste guayaquil Supermaxi Ciudad Colón Guayaquil - Av. Rodrigo Chávez Gonzáles, Etapa III, Manzana 270, Solar 1 supermaxi ciudad colón av. rodrigo chávez gonzáles, etapa iii, manzana 270, solar 1 guayaquil Supermaxi Don Bosco Cuenca - Av. Don Bosco s/n y Miguel de Cervantes supermaxi don bosco av. don bosco s/n y miguel de cervantes cuenca Supermaxi El Bosque Quito - Av. Mariscal Antonio José de Sucre s/n y Av. Del Parque (C.C. El Bosque) supermaxi el bosque av. mariscal antonio josé de sucre s/n y av",,2,,,,unknown,
Selecciona un local,"Selecciona un local X Supermaxi 12 de Octubre Quito - Av. 12 de Octubre s/n y Madrid supermaxi 12 de octubre av. 12 de octubre s/n y madrid quito Supermaxi Albán Borja Guayaquil - Av. Carlos Julio Arosemena S/N - Centro Comercial Albán Borja supermaxi albán borja av. carlos julio arosemena s/n - centro comercial albán borja guayaquil Supermaxi América Quito - Gaspar de Carvajal s/n y Av. La Gasca (C.C. América) supermaxi américa gaspar de carvajal s/n y av. la gasca (c.c. américa) quito Supermaxi Batán Guayaquil - Lote C cuatro uno s/n y vía a Samborondón supermaxi batán lote c cuatro uno s/n y vía a samborondón guayaquil Supermaxi Bicentenario Plaza Quito - Homero Salas s/n y Av. De La Prensa (C.C. Plaza Aeropuerto) supermaxi bicentenario plaza homero salas s/n y av. de la prensa (c.c. plaza aeropuerto) quito Supermaxi Carcelén Quito - Av. Diego Vásquez de Cepeda N77-464 supermaxi carcelén av. diego vásquez de cepeda n77-464 quito Supermaxi Centro Comercial La Pradera Loja - Av. 18 de Noviembre s/n y Gobernación de Mainas (C.C. La Pradera) supermaxi centro comercial la pradera av. 18 de noviembre s/n y gobernación de mainas (c.c. la pradera) loja Supermaxi Challuabamba Cuenca - Panamericana Norte s/n supermaxi challuabamba panamericana norte s/n cuenca Supermaxi Ciudad Celeste Guayaquil - Av. León Febres Cordero. Ribadeneyra - Centro Comercial La Piazza. Ciudad Celeste supermaxi ciudad celeste av. león febres cordero. ribadeneyra - centro comercial la piazza. ciudad celeste guayaquil Supermaxi Ciudad Colón Guayaquil - Av. Rodrigo Chávez Gonzáles, Etapa III, Manzana 270, Solar 1 supermaxi ciudad colón av. rodrigo chávez gonzáles, etapa iii, manzana 270, solar 1 guayaquil Supermaxi Don Bosco Cuenca - Av. Don Bosco s/n y Miguel de Cervantes supermaxi don bosco av. don bosco s/n y miguel de cervantes cuenca Supermaxi El Bosque Quito - Av. Mariscal Antonio José de Sucre s/n y Av. Del Parque (C.C. El Bosque) supermaxi el bosque av. mariscal antonio josé de sucre s/n y av",,239,,,,unknown,
Selecciona un local,"Selecciona un local X Supermaxi 12 de Octubre Quito - Av. 12 de Octubre s/n y Madrid supermaxi 12 de octubre av. 12 de octubre s/n y madrid quito Supermaxi Albán Borja Guayaquil - Av. Carlos Julio Arosemena S/N - Centro Comercial Albán Borja supermaxi albán borja av. carlos julio arosemena s/n - centro comercial albán borja guayaquil Supermaxi América Quito - Gaspar de Carvajal s/n y Av. La Gasca (C.C. América) supermaxi américa gaspar de carvajal s/n y av. la gasca (c.c. américa) quito Supermaxi Batán Guayaquil - Lote C cuatro uno s/n y vía a Samborondón supermaxi batán lote c cuatro uno s/n y vía a samborondón guayaquil Supermaxi Bicentenario Plaza Quito - Homero Salas s/n y Av. De La Prensa (C.C. Plaza Aeropuerto) supermaxi bicentenario plaza homero salas s/n y av. de la prensa (c.c. plaza aeropuerto) quito Supermaxi Carcelén Quito - Av. Diego Vásquez de Cepeda N77-464 supermaxi carcelén av. diego vásquez de cepeda n77-464 quito Supermaxi Centro Comercial La Pradera Loja - Av. 18 de Noviembre s/n y Gobernación de Mainas (C.C. La Pradera) supermaxi centro comercial la pradera av. 18 de noviembre s/n y gobernación de mainas (c.c. la pradera) loja Supermaxi Challuabamba Cuenca - Panamericana Norte s/n supermaxi challuabamba panamericana norte s/n cuenca Supermaxi Ciudad Celeste Guayaquil - Av. León Febres Cordero. Ribadeneyra - Centro Comercial La Piazza. Ciudad Celeste supermaxi ciudad celeste av. león febres cordero. ribadeneyra - centro comercial la piazza. ciudad celeste guayaquil Supermaxi Ciudad Colón Guayaquil - Av. Rodrigo Chávez Gonzáles, Etapa III, Manzana 270, Solar 1 supermaxi ciudad colón av. rodrigo chávez gonzáles, etapa iii, manzana 270, solar 1 guayaquil Supermaxi Don Bosco Cuenca - Av. Don Bosco s/n y Miguel de Cervantes supermaxi don bosco av. don bosco s/n y miguel de cervantes cuenca Supermaxi El Bosque Quito - Av. Mariscal Antonio José de Sucre s/n y Av. Del Parque (C.C. El Bosque) supermaxi el bosque av. mariscal antonio josé de sucre s/n y av",,543,,,,unknown,
Selecciona un local,"Selecciona un local X Supermaxi 12 de Octubre Quito - Av. 12 de Octubre s/n y Madrid supermaxi 12 de octubre av. 12 de octubre s/n y madrid quito Supermaxi Albán Borja Guayaquil - Av. Carlos Julio Arosemena S/N - Centro Comercial Albán Borja supermaxi albán borja av. carlos julio arosemena s/n - centro comercial albán borja guayaquil Supermaxi América Quito - Gaspar de Carvajal s/n y Av. La Gasca (C.C. América) supermaxi américa gaspar de carvajal s/n y av. la gasca (c.c. américa) quito Supermaxi Batán Guayaquil - Lote C cuatro uno s/n y vía a Samborondón supermaxi batán lote c cuatro uno s/n y vía a samborondón guayaquil Supermaxi Bicentenario Plaza Quito - Homero Salas s/n y Av. De La Prensa (C.C. Plaza Aeropuerto) supermaxi bicentenario plaza homero salas s/n y av. de la prensa (c.c. plaza aeropuerto) quito Supermaxi Carcelén Quito - Av. Diego Vásquez de Cepeda N77-464 supermaxi carcelén av. diego vásquez de cepeda n77-464 quito Supermaxi Centro Comercial La Pradera Loja - Av. 18 de Noviembre s/n y Gobernación de Mainas (C.C. La Pradera) supermaxi centro comercial la pradera av. 18 de noviembre s/n y gobernación de mainas (c.c. la pradera) loja Supermaxi Challuabamba Cuenca - Panamericana Norte s/n supermaxi challuabamba panamericana norte s/n cuenca Supermaxi Ciudad Celeste Guayaquil - Av. León Febres Cordero. Ribadeneyra - Centro Comercial La Piazza. Ciudad Celeste supermaxi ciudad celeste av. león febres cordero. ribadeneyra - centro comercial la piazza. ciudad celeste guayaquil Supermaxi Ciudad Colón Guayaquil - Av. Rodrigo Chávez Gonzáles, Etapa III, Manzana 270, Solar 1 supermaxi ciudad colón av. rodrigo chávez gonzáles, etapa iii, manzana 270, solar 1 guayaquil Supermaxi Don Bosco Cuenca - Av. Don Bosco s/n y Miguel de Cervantes supermaxi don bosco av. don bosco s/n y miguel de cervantes cuenca Supermaxi El Bosque Quito - Av. Mariscal Antonio José de Sucre s/n y Av. Del Parque (C.C. El Bosque) supermaxi el bosque av. mariscal antonio josé de sucre s/n y av",,095,,,,unknown,
Selecciona un local,"Selecciona un local X Supermaxi 12 de Octubre Quito - Av. 12 de Octubre s/n y Madrid supermaxi 12 de octubre av. 12 de octubre s/n y madrid quito Supermaxi Albán Borja Guayaquil - Av. Carlos Julio Arosemena S/N - Centro Comercial Albán Borja supermaxi albán borja av. carlos julio arosemena s/n - centro comercial albán borja guayaquil Supermaxi América Quito - Gaspar de Carvajal s/n y Av. La Gasca (C.C. América) supermaxi américa gaspar de carvajal s/n y av. la gasca (c.c. américa) quito Supermaxi Batán Guayaquil - Lote C cuatro uno s/n y vía a Samborondón supermaxi batán lote c cuatro uno s/n y vía a samborondón guayaquil Supermaxi Bicentenario Plaza Quito - Homero Salas s/n y Av. De La Prensa (C.C. Plaza Aeropuerto) supermaxi bicentenario plaza homero salas s/n y av. de la prensa (c.c. plaza aeropuerto) quito Supermaxi Carcelén Quito - Av. Diego Vásquez de Cepeda N77-464 supermaxi carcelén av. diego vásquez de cepeda n77-464 quito Supermaxi Centro Comercial La Pradera Loja - Av. 18 de Noviembre s/n y Gobernación de Mainas (C.C. La Pradera) supermaxi centro comercial la pradera av. 18 de noviembre s/n y gobernación de mainas (c.c. la pradera) loja Supermaxi Challuabamba Cuenca - Panamericana Norte s/n supermaxi challuabamba panamericana norte s/n cuenca Supermaxi Ciudad Celeste Guayaquil - Av. León Febres Cordero. Ribadeneyra - Centro Comercial La Piazza. Ciudad Celeste supermaxi ciudad celeste av. león febres cordero. ribadeneyra - centro comercial la piazza. ciudad celeste guayaquil Supermaxi Ciudad Colón Guayaquil - Av. Rodrigo Chávez Gonzáles, Etapa III, Manzana 270, Solar 1 supermaxi ciudad colón av. rodrigo chávez gonzáles, etapa iii, manzana 270, solar 1 guayaquil Supermaxi Don Bosco Cuenca - Av. Don Bosco s/n y Miguel de Cervantes supermaxi don bosco av. don bosco s/n y miguel de cervantes cuenca Supermaxi El Bosque Quito - Av. Mariscal Antonio José de Sucre s/n y Av. Del Parque (C.C. El Bosque) supermaxi el bosque av. mariscal antonio josé de sucre s/n y av",,,,,,unknown,
Selecciona un local,"Selecciona un local X Supermaxi 12 de Octubre Quito - Av. 12 de Octubre s/n y Madrid supermaxi 12 de octubre av. 12 de octubre s/n y madrid quito Supermaxi Albán Borja Guayaquil - Av. Carlos Julio Arosemena S/N - Centro Comercial Albán Borja supermaxi albán borja av. carlos julio arosemena s/n - centro comercial albán borja guayaquil Supermaxi América Quito - Gaspar de Carvajal s/n y Av. La Gasca (C.C. América) supermaxi américa gaspar de carvajal s/n y av. la gasca (c.c. américa) quito Supermaxi Batán Guayaquil - Lote C cuatro uno s/n y vía a Samborondón supermaxi batán lote c cuatro uno s/n y vía a samborondón guayaquil Supermaxi Bicentenario Plaza Quito - Homero Salas s/n y Av. De La Prensa (C.C. Plaza Aeropuerto) supermaxi bicentenario plaza homero salas s/n y av. de la prensa (c.c. plaza aeropuerto) quito Supermaxi Carcelén Quito - Av. Diego Vásquez de Cepeda N77-464 supermaxi carcelén av. diego vásquez de cepeda n77-464 quito Supermaxi Centro Comercial La Pradera Loja - Av. 18 de Noviembre s/n y Gobernación de Mainas (C.C. La Pradera) supermaxi centro comercial la pradera av. 18 de noviembre s/n y gobernación de mainas (c.c. la pradera) loja Supermaxi Challuabamba Cuenca - Panamericana Norte s/n supermaxi challuabamba panamericana norte s/n cuenca Supermaxi Ciudad Celeste Guayaquil - Av. León Febres Cordero. Ribadeneyra - Centro Comercial La Piazza. Ciudad Celeste supermaxi ciudad celeste av. león febres cordero. ribadeneyra - centro comercial la piazza. ciudad celeste guayaquil Supermaxi Ciudad Colón Guayaquil - Av. Rodrigo Chávez Gonzáles, Etapa III, Manzana 270, Solar 1 supermaxi ciudad colón av. rodrigo chávez gonzáles, etapa iii, manzana 270, solar 1 guayaquil Supermaxi Don Bosco Cuenca - Av. Don Bosco s/n y Miguel de Cervantes supermaxi don bosco av. don bosco s/n y miguel de cervantes cuenca Supermaxi El Bosque Quito - Av. Mariscal Antonio José de Sucre s/n y Av. Del Parque (C.C. El Bosque) supermaxi el bosque av. mariscal antonio josé de sucre s/n y av",,525,,,,unknown,
Selecciona un local,"Selecciona un local X Supermaxi 12 de Octubre Quito - Av. 12 de Octubre s/n y Madrid supermaxi 12 de octubre av. 12 de octubre s/n y madrid quito Supermaxi Albán Borja Guayaquil - Av. Carlos Julio Arosemena S/N - Centro Comercial Albán Borja supermaxi albán borja av. carlos julio arosemena s/n - centro comercial albán borja guayaquil Supermaxi América Quito - Gaspar de Carvajal s/n y Av. La Gasca (C.C. América) supermaxi américa gaspar de carvajal s/n y av. la gasca (c.c. américa) quito Supermaxi Batán Guayaquil - Lote C cuatro uno s/n y vía a Samborondón supermaxi batán lote c cuatro uno s/n y vía a samborondón guayaquil Supermaxi Bicentenario Plaza Quito - Homero Salas s/n y Av. De La Prensa (C.C. Plaza Aeropuerto) supermaxi bicentenario plaza homero salas s/n y av. de la prensa (c.c. plaza aeropuerto) quito Supermaxi Carcelén Quito - Av. Diego Vásquez de Cepeda N77-464 supermaxi carcelén av. diego vásquez de cepeda n77-464 quito Supermaxi Centro Comercial La Pradera Loja - Av. 18 de Noviembre s/n y Gobernación de Mainas (C.C. La Pradera) supermaxi centro comercial la pradera av. 18 de noviembre s/n y gobernación de mainas (c.c. la pradera) loja Supermaxi Challuabamba Cuenca - Panamericana Norte s/n supermaxi challuabamba panamericana norte s/n cuenca Supermaxi Ciudad Celeste Guayaquil - Av. León Febres Cordero. Ribadeneyra - Centro Comercial La Piazza. Ciudad Celeste supermaxi ciudad celeste av. león febres cordero. ribadeneyra - centro comercial la piazza. ciudad celeste guayaquil Supermaxi Ciudad Colón Guayaquil - Av. Rodrigo Chávez Gonzáles, Etapa III, Manzana 270, Solar 1 supermaxi ciudad colón av. rodrigo chávez gonzáles, etapa iii, manzana 270, solar 1 guayaquil Supermaxi Don Bosco Cuenca - Av. Don Bosco s/n y Miguel de Cervantes supermaxi don bosco av. don bosco s/n y miguel de cervantes cuenca Supermaxi El Bosque Quito - Av. Mariscal Antonio José de Sucre s/n y Av. Del Parque (C.C. El Bosque) supermaxi el bosque av. mariscal antonio josé de sucre s/n y av",,099,,,,unknown,
Selecciona un local,"Selecciona un local X Supermaxi 12 de Octubre Quito - Av. 12 de Octubre s/n y Madrid supermaxi 12 de octubre av. 12 de octubre s/n y madrid quito Supermaxi Albán Borja Guayaquil - Av. Carlos Julio Arosemena S/N - Centro Comercial Albán Borja supermaxi albán borja av. carlos julio arosemena s/n - centro comercial albán borja guayaquil Supermaxi América Quito - Gaspar de Carvajal s/n y Av. La Gasca (C.C. América) supermaxi américa gaspar de carvajal s/n y av. la gasca (c.c. américa) quito Supermaxi Batán Guayaquil - Lote C cuatro uno s/n y vía a Samborondón supermaxi batán lote c cuatro uno s/n y vía a samborondón guayaquil Supermaxi Bicentenario Plaza Quito - Homero Salas s/n y Av. De La Prensa (C.C. Plaza Aeropuerto) supermaxi bicentenario plaza homero salas s/n y av. de la prensa (c.c. plaza aeropuerto) quito Supermaxi Carcelén Quito - Av. Diego Vásquez de Cepeda N77-464 supermaxi carcelén av. diego vásquez de cepeda n77-464 quito Supermaxi Centro Comercial La Pradera Loja - Av. 18 de Noviembre s/n y Gobernación de Mainas (C.C. La Pradera) supermaxi centro comercial la pradera av. 18 de noviembre s/n y gobernación de mainas (c.c. la pradera) loja Supermaxi Challuabamba Cuenca - Panamericana Norte s/n supermaxi challuabamba panamericana norte s/n cuenca Supermaxi Ciudad Celeste Guayaquil - Av. León Febres Cordero. Ribadeneyra - Centro Comercial La Piazza. Ciudad Celeste supermaxi ciudad celeste av. león febres cordero. ribadeneyra - centro comercial la piazza. ciudad celeste guayaquil Supermaxi Ciudad Colón Guayaquil - Av. Rodrigo Chávez Gonzáles, Etapa III, Manzana 270, Solar 1 supermaxi ciudad colón av. rodrigo chávez gonzáles, etapa iii, manzana 270, solar 1 guayaquil Supermaxi Don Bosco Cuenca - Av. Don Bosco s/n y Miguel de Cervantes supermaxi don bosco av. don bosco s/n y miguel de cervantes cuenca Supermaxi El Bosque Quito - Av. Mariscal Antonio José de Sucre s/n y Av. Del Parque (C.C. El Bosque) supermaxi el bosque av. mariscal antonio josé de sucre s/n y av",,513,,,,unknown,
Verifica tu identidad,Verifica tu identidad Mantén presionado el botón para confirmar que no eres un robot.,,,,,,unknown,
Selecciona un local,"Selecciona un local X Supermaxi 12 de Octubre Quito - Av. 12 de Octubre s/n y Madrid supermaxi 12 de octubre av. 12 de octubre s/n y madrid quito Supermaxi Albán Borja Guayaquil - Av. Carlos Julio Arosemena S/N - Centro Comercial Albán Borja supermaxi albán borja av. carlos julio arosemena s/n - centro comercial albán borja guayaquil Supermaxi América Quito - Gaspar de Carvajal s/n y Av. La Gasca (C.C. América) supermaxi américa gaspar de carvajal s/n y av. la gasca (c.c. américa) quito Supermaxi Batán Guayaquil - Lote C cuatro uno s/n y vía a Samborondón supermaxi batán lote c cuatro uno s/n y vía a samborondón guayaquil Supermaxi Bicentenario Plaza Quito - Homero Salas s/n y Av. De La Prensa (C.C. Plaza Aeropuerto) supermaxi bicentenario plaza homero salas s/n y av. de la prensa (c.c. plaza aeropuerto) quito Supermaxi Carcelén Quito - Av. Diego Vásquez de Cepeda N77-464 supermaxi carcelén av. diego vásquez de cepeda n77-464 quito Supermaxi Centro Comercial La Pradera Loja - Av. 18 de Noviembre s/n y Gobernación de Mainas (C.C. La Pradera) supermaxi centro comercial la pradera av. 18 de noviembre s/n y gobernación de mainas (c.c. la pradera) loja Supermaxi Challuabamba Cuenca - Panamericana Norte s/n supermaxi challuabamba panamericana norte s/n cuenca Supermaxi Ciudad Celeste Guayaquil - Av. León Febres Cordero. Ribadeneyra - Centro Comercial La Piazza. Ciudad Celeste supermaxi ciudad celeste av. león febres cordero. ribadeneyra - centro comercial la piazza. ciudad celeste guayaquil Supermaxi Ciudad Colón Guayaquil - Av. Rodrigo Chávez Gonzáles, Etapa III, Manzana 270, Solar 1 supermaxi ciudad colón av. rodrigo chávez gonzáles, etapa iii, manzana 270, solar 1 guayaquil Supermaxi Don Bosco Cuenca - Av. Don Bosco s/n y Miguel de Cervantes supermaxi don bosco av. don bosco s/n y miguel de cervantes cuenca Supermaxi El Bosque Quito - Av. Mariscal Antonio José de Sucre s/n y Av. Del Parque (C.C. El Bosque) supermaxi el bosque av. mariscal antonio josé de sucre s/n y av",,109,,,,unknown,
Valoramos tu privacidad,"Valoramos tu privacidad En FRECUENTO utilizamos cookies propias y de terceros para analizar nuestros servicios y mostrarte publicidad relacionada con tus preferencias en base a un perfil elaborado a partir de tus hábitos de navegación (por ejemplo, páginas visitadas). Ver Política de cookies Personalizar Rechazar todo Aceptar todo Personalizar las preferencias de consentimiento Al aceptar las cookies acepta voluntariamente el tratamiento de sus datos. Esto también incluye, por un tiempo limitado, su consentimiento para el procesamiento de datos fuera de Ecuador. En estos países, a pesar de una cuidadosa selección y obligación de los proveedores de servicios, no se puede garantizar el alto de protección de datos. Necesarias Siempre activas Las cookies necesarias son cruciales para las funciones básicas del sitio web y el sitio web no funcionará de la forma prevista sin ellas. Estas cookies no almacenan ningún dato de identificación personal. Cookie visid_incap_* Duración 1 año Descripción Incapsula sets this cookie to provide cloud-based website security services. Cookie incap_ses_* Duración sesión Descripción This is an Incapsula DDoS Protection and Web Application Firewall cookie that is used to relate HTTP requests to a certain session. Cookie cookieyes-consent Duración 1 año Descripción CookieYes establece esta cookie para recordar las preferencias de consentimiento de los usuarios, de modo que se respeten sus preferencias en las siguientes visitas a este sitio. No recoge ni almacena ninguna información personal sobre los visitantes del sitio. Cookie opt_out Duración 1 año Descripción This cookie is used for preventing the installation of third party advertiser or other cookies on the browser. Cookie gdpr Duración Caducada Descripción Determines whether the visitor has accepted the cookie consent box. This ensures that the cookie consent box will not be presented again upon re-entry. Cookie _GRECAPTCHA Duración 6 meses Descripción Un CAPTCHA te ayuda a protegerte",,117,,,,unknown,
Valoramos tu privacidad,"Valoramos tu privacidad En FRECUENTO utilizamos cookies propias y de terceros para analizar nuestros servicios y mostrarte publicidad relacionada con tus preferencias en base a un perfil elaborado a partir de tus hábitos de navegación (por ejemplo, páginas visitadas). Ver Política de cookies Personalizar Rechazar todo Aceptar todo Personalizar las preferencias de consentimiento Al aceptar las cookies acepta voluntariamente el tratamiento de sus datos. Esto también incluye, por un tiempo limitado, su consentimiento para el procesamiento de datos fuera de Ecuador. En estos países, a pesar de una cuidadosa selección y obligación de los proveedores de servicios, no se puede garantizar el alto de protección de datos. Necesarias Siempre activas Las cookies necesarias son cruciales para las funciones básicas del sitio web y el sitio web no funcionará de la forma prevista sin ellas. Estas cookies no almacenan ningún dato de identificación personal. Cookie visid_incap_* Duración 1 año Descripción Incapsula sets this cookie to provide cloud-based website security services. Cookie incap_ses_* Duración sesión Descripción This is an Incapsula DDoS Protection and Web Application Firewall cookie that is used to relate HTTP requests to a certain session. Cookie cookieyes-consent Duración 1 año Descripción CookieYes establece esta cookie para recordar las preferencias de consentimiento de los usuarios, de modo que se respeten sus preferencias en las siguientes visitas a este sitio. No recoge ni almacena ninguna información personal sobre los visitantes del sitio. Cookie opt_out Duración 1 año Descripción This cookie is used for preventing the installation of third party advertiser or other cookies on the browser. Cookie gdpr Duración Caducada Descripción Determines whether the visitor has accepted the cookie consent box. This ensures that the cookie consent box will not be presented again upon re-entry. Cookie _GRECAPTCHA Duración 6 meses Descripción Un CAPTCHA te ayuda a protegerte",,113,,,,unknown,
Valoramos tu privacidad,"Valoramos tu privacidad En FRECUENTO utilizamos cookies propias y de terceros para analizar nuestros servicios y mostrarte publicidad relacionada con tus preferencias en base a un perfil elaborado a partir de tus hábitos de navegación (por ejemplo, páginas visitadas). Ver Política de cookies Personalizar Rechazar todo Aceptar todo Personalizar las preferencias de consentimiento Al aceptar las cookies acepta voluntariamente el tratamiento de sus datos. Esto también incluye, por un tiempo limitado, su consentimiento para el procesamiento de datos fuera de Ecuador. En estos países, a pesar de una cuidadosa selección y obligación de los proveedores de servicios, no se puede garantizar el alto de protección de datos. Necesarias Siempre activas Las cookies necesarias son cruciales para las funciones básicas del sitio web y el sitio web no funcionará de la forma prevista sin ellas. Estas cookies no almacenan ningún dato de identificación personal. Cookie visid_incap_* Duración 1 año Descripción Incapsula sets this cookie to provide cloud-based website security services. Cookie incap_ses_* Duración sesión Descripción This is an Incapsula DDoS Protection and Web Application Firewall cookie that is used to relate HTTP requests to a certain session. Cookie cookieyes-consent Duración 1 año Descripción CookieYes establece esta cookie para recordar las preferencias de consentimiento de los usuarios, de modo que se respeten sus preferencias en las siguientes visitas a este sitio. No recoge ni almacena ninguna información personal sobre los visitantes del sitio. Cookie opt_out Duración 1 año Descripción This cookie is used for preventing the installation of third party advertiser or other cookies on the browser. Cookie gdpr Duración Caducada Descripción Determines whether the visitor has accepted the cookie consent box. This ensures that the cookie consent box will not be presented again upon re-entry. Cookie _GRECAPTCHA Duración 6 meses Descripción Un CAPTCHA te ayuda a protegerte",,083,,,,unknown,
Valoramos tu privacidad,"Valoramos tu privacidad En FRECUENTO utilizamos cookies propias y de terceros para analizar nuestros servicios y mostrarte publicidad relacionada con tus preferencias en base a un perfil elaborado a partir de tus hábitos de navegación (por ejemplo, páginas visitadas). Ver Política de cookies Personalizar Rechazar todo Aceptar todo Personalizar las preferencias de consentimiento Al aceptar las cookies acepta voluntariamente el tratamiento de sus datos. Esto también incluye, por un tiempo limitado, su consentimiento para el procesamiento de datos fuera de Ecuador. En estos países, a pesar de una cuidadosa selección y obligación de los proveedores de servicios, no se puede garantizar el alto de protección de datos. Necesarias Siempre activas Las cookies necesarias son cruciales para las funciones básicas del sitio web y el sitio web no funcionará de la forma prevista sin ellas. Estas cookies no almacenan ningún dato de identificación personal. Cookie visid_incap_* Duración 1 año Descripción Incapsula sets this cookie to provide cloud-based website security services. Cookie incap_ses_* Duración sesión Descripción This is an Incapsula DDoS Protection and Web Application Firewall cookie that is used to relate HTTP requests to a certain session. Cookie cookieyes-consent Duración 1 año Descripción CookieYes establece esta cookie para recordar las preferencias de consentimiento de los usuarios, de modo que se respeten sus preferencias en las siguientes visitas a este sitio. No recoge ni almacena ninguna información personal sobre los visitantes del sitio. Cookie opt_out Duración 1 año Descripción This cookie is used for preventing the installation of third party advertiser or other cookies on the browser. Cookie gdpr Duración Caducada Descripción Determines whether the visitor has accepted the cookie consent box. This ensures that the cookie consent box will not be presented again upon re-entry. Cookie _GRECAPTCHA Duración 6 meses Descripción Un CAPTCHA te ayuda a protegerte",,,,,,unknown,
Valoramos tu privacidad,"Valoramos tu privacidad En FRECUENTO utilizamos cookies propias y de terceros para analizar nuestros servicios y mostrarte publicidad relacionada con tus preferencias en base a un perfil elaborado a partir de tus hábitos de navegación (por ejemplo, páginas visitadas). Ver Política de cookies Personalizar Rechazar todo Aceptar todo Personalizar las preferencias de consentimiento Al aceptar las cookies acepta voluntariamente el tratamiento de sus datos. Esto también incluye, por un tiempo limitado, su consentimiento para el procesamiento de datos fuera de Ecuador. En estos países, a pesar de una cuidadosa selección y obligación de los proveedores de servicios, no se puede garantizar el alto de protección de datos. Necesarias Siempre activas Las cookies necesarias son cruciales para las funciones básicas del sitio web y el sitio web no funcionará de la forma prevista sin ellas. Estas cookies no almacenan ningún dato de identificación personal. Cookie visid_incap_* Duración 1 año Descripción Incapsula sets this cookie to provide cloud-based website security services. Cookie incap_ses_* Duración sesión Descripción This is an Incapsula DDoS Protection and Web Application Firewall cookie that is used to relate HTTP requests to a certain session. Cookie cookieyes-consent Duración 1 año Descripción CookieYes establece esta cookie para recordar las preferencias de consentimiento de los usuarios, de modo que se respeten sus preferencias en las siguientes visitas a este sitio. No recoge ni almacena ninguna información personal sobre los visitantes del sitio. Cookie opt_out Duración 1 año Descripción This cookie is used for preventing the installation of third party advertiser or other cookies on the browser. Cookie gdpr Duración Caducada Descripción Determines whether the visitor has accepted the cookie consent box. This ensures that the cookie consent box will not be presented again upon re-entry. Cookie _GRECAPTCHA Duración 6 meses Descripción Un CAPTCHA te ayuda a protegerte",,138,,,,unknown,
Valoramos tu privacidad,"Valoramos tu privacidad En FRECUENTO utilizamos cookies propias y de terceros para analizar nuestros servicios y mostrarte publicidad relacionada con tus preferencias en base a un perfil elaborado a partir de tus hábitos de navegación (por ejemplo, páginas visitadas). Ver Política de cookies Personalizar Rechazar todo Aceptar todo Personalizar las preferencias de consentimiento Al aceptar las cookies acepta voluntariamente el tratamiento de sus datos. Esto también incluye, por un tiempo limitado, su consentimiento para el procesamiento de datos fuera de Ecuador. En estos países, a pesar de una cuidadosa selección y obligación de los proveedores de servicios, no se puede garantizar el alto de protección de datos. Necesarias Siempre activas Las cookies necesarias son cruciales para las funciones básicas del sitio web y el sitio web no funcionará de la forma prevista sin ellas. Estas cookies no almacenan ningún dato de identificación personal. Cookie visid_incap_* Duración 1 año Descripción Incapsula sets this cookie to provide cloud-based website security services. Cookie incap_ses_* Duración sesión Descripción This is an Incapsula DDoS Protection and Web Application Firewall cookie that is used to relate HTTP requests to a certain session. Cookie cookieyes-consent Duración 1 año Descripción CookieYes establece esta cookie para recordar las preferencias de consentimiento de los usuarios, de modo que se respeten sus preferencias en las siguientes visitas a este sitio. No recoge ni almacena ninguna información personal sobre los visitantes del sitio. Cookie opt_out Duración 1 año Descripción This cookie is used for preventing the installation of third party advertiser or other cookies on the browser. Cookie gdpr Duración Caducada Descripción Determines whether the visitor has accepted the cookie consent box. This ensures that the cookie consent box will not be presented again upon re-entry. Cookie _GRECAPTCHA Duración 6 meses Descripción Un CAPTCHA te ayuda a protegerte",,530,,,,unknown,
X,"X App Frecuento Descárgala Gratis Ver en App Inicio Cervezas Corona Extra Cerveza Botella 6pack 330ml Corona Extra Cerveza Botella 6pack 330ml Marca: Corona $7.45 $11.95 $7.45 $11.95 Código - 40577887 Cantidad Añadir al carrito Pagar Realiza tus compras con seguridad Agregar a favoritos Detalles del producto: Detalles: Elaborada con ingredientes naturales cebada, arroz y lúpulo Sin saborizantes ni colorantes artificiales Corona es una invitación para salir y relajarse Su líquido dorado se elabora 100% en México y es la cerveza mexicana más popular del mundo Corona ha estado complementando los momentos sencillos de la vida desde 1925, y ahora se disfruta en más de 180 países alrededor del mundo Porcentaje de alcohol: 4.5% Contiene: 6 botellas de cerveza de 330ml c/u $7.45 $11.95 Código - 40577887 Cantidad Añadir al carrito Pagar Realiza tus compras con seguridad Agregar a favoritos Productos relacionados Six Pack Cerveza Heineken sin Alcohol Lata 250ml $ 4.85 $6.05 Six Pack Cerveza Amstel Botella 330ml $ 5.80 $7.35 Stella Artois Cerveza Botella 6pack 330ml $ 8.90 Cerveza Club Premium Botella 6pack 330ml $ 6.39 $7.49 Pack 6 Uds Cerveza Heineken en Lata 269ml $ 4.75 $5.90 Six Pack Cerveza Heineken Botella 330ml $ 5.90 $11.40 Six Pack Cerveza Heineken sin Alcohol Botella 330ml $ 5.85 $6.95 Pack 12 Uds Cerveza Amstel Lata 355ml $ 10.50 $13.55 Pack 12 Uds Cerveza Heineken en Lata 355ml $ 12.45 $16.70 Six Pack Cerveza Heineken Lata 355ml $ 6.45 $9.40 Six Pack Cerveza Sol Botella 330ml $ 7.05 $10.05 Cerveza Club Platino Lata 6pack 355ml $ 5.20 $7.45 Six Pack Cerveza Amstel Lata 355ml $ 5.24 $7.50 Six Pack Cerveza Peroni Nastro Azzurro Botella 330ml $ 11.10 $11.86 Pack 10 Uds Cerveza Royal Dutch Botella 250ml $ 10.89 Six Pack Cerveza Heineken sin Alcohol Lata 250ml $ 4.85 $6.05 Six Pack Cerveza Amstel Botella 330ml $ 5.80 $7.35 Stella Artois Cerveza Botella 6pack 330ml $ 8.90 Cerveza Club Premium Botella 6pack 330ml $ 6.39 $7.49 Pack 6 Uds Cerveza Heineken en Lata 269ml $ 4.",,745,,,,unknown,
Valoramos tu privacidad,"Valoramos tu privacidad En FRECUENTO utilizamos cookies propias y de terceros para analizar nuestros servicios y mostrarte publicidad relacionada con tus preferencias en base a un perfil elaborado a partir de tus hábitos de navegación (por ejemplo, páginas visitadas). Ver Política de cookies Personalizar Rechazar todo Aceptar todo Personalizar las preferencias de consentimiento Al aceptar las cookies acepta voluntariamente el tratamiento de sus datos. Esto también incluye, por un tiempo limitado, su consentimiento para el procesamiento de datos fuera de Ecuador. En estos países, a pesar de una cuidadosa selección y obligación de los proveedores de servicios, no se puede garantizar el alto de protección de datos. Necesarias Siempre activas Las cookies necesarias son cruciales para las funciones básicas del sitio web y el sitio web no funcionará de la forma prevista sin ellas. Estas cookies no almacenan ningún dato de identificación personal. Cookie visid_incap_* Duración 1 año Descripción Incapsula sets this cookie to provide cloud-based website security services. Cookie incap_ses_* Duración sesión Descripción This is an Incapsula DDoS Protection and Web Application Firewall cookie that is used to relate HTTP requests to a certain session. Cookie cookieyes-consent Duración 1 año Descripción CookieYes establece esta cookie para recordar las preferencias de consentimiento de los usuarios, de modo que se respeten sus preferencias en las siguientes visitas a este sitio. No recoge ni almacena ninguna información personal sobre los visitantes del sitio. Cookie opt_out Duración 1 año Descripción This cookie is used for preventing the installation of third party advertiser or other cookies on the browser. Cookie gdpr Duración Caducada Descripción Determines whether the visitor has accepted the cookie consent box. This ensures that the cookie consent box will not be presented again upon re-entry. Cookie _GRECAPTCHA Duración 6 meses Descripción Un CAPTCHA te ayuda a protegerte",,580,,,,unknown,
"Este gato no debería estar en esta caja, ni tú en esta página","Este gato no debería estar en esta caja, ni tú en esta página Puede que haya expirado. Intenta la búsqueda con otras palabras o tal vez puedas encontrarla desde el homepage. Ir a Inicio Live Chat Productos Error al consultar productos Live Chat",,,,,,unknown,
¡Lo mejor te está esperando!,"¡Lo mejor te está esperando! Descarga la app Departamentos Inicia sesión Ofertas de la semana Listas Alsuper Club Alsuper Alsuper card Estás en Alsuper Plus Leones 90 min Inicio > Despensa > Chocolates Cafés Y Tes > Azucar Organica Aires De Campo 1 Kg Detalles: Ideal para endulzar todo tipo de alimentos y bebidas. Al consumirse con moderación, es la opción natural de mejor sabor.La extracción del jugo de caña es por métodos físicos, lo que permite que conserve todos sus nutrientes. ... Ver más Azucar Organica Aires De Campo 1 Kg $112.90 Agregar al carrito Favoritos Agregar a una lista Recomendados $112.90 Azucar Organica Aires De Campo 1 K... 1 KG Agregar $49.90 $61.90 Bebida Organica Almendra Sin Azucar... 1 LT Agregar -22% $44.90 $56.90 Bebida Organica Uht De Avena Sin Azu... 1 LT Agregar $59.90 $64.90 Bebida De Coco Organica Sin Gluten ... 1 LT Agregar $69.90 Quinoa Organica Okko 300 Gramos 300 GR Agregar $54.90 $61.90 Bebida Organica De Coco Uht Sin Azuc... 1 LT Agregar $124.90 Matcha Organica Okko 60 G 60 GR Agregar $76.90 Edulcorante Liquido Stevia Y Sucralo... 180 ML Agregar $24.90 $26.90 Pure Organico Manzana & Ciruela M... 100 GR Agregar $22.90 Papilla Organica Manzana Camote Zana... 90 GR Agregar $22.90 Papilla Organica Pera Mango Smiley ... 90 GR Agregar $21.90 Papilla Gerber Orgánico Pouch Etapa ... 100 GR Agregar $22.90 Papilla Organica Pera Platano Mango ... 90 GR Agregar $175.90 Crema De Avellana Sin Azucar Nucol... 350 GR Agregar $26.90 Pure Organico Manzana Platano & C M... 100 GR Agregar $24.90 $26.90 Pure Organico Pera Kiwi & Espinac M... 100 GR Agregar $22.90 Papilla Organica Manzana Platano Ara... 90 GR Agregar $22.90 Papilla Organica Manzana Pera Canela... 90 GR Agregar $21.90 Alimento Para Lactantes Gerber Orgá¡... 100 GR Agregar $22.90 Papilla Organica Manzana Ciruela Sm... 90 GR Agregar $64.90 Jugo Deshidratado Limon Natures Fac... 100 GR Agregar $22.90 Papilla Organica Manzana Arandano S... 90 GR Agregar $22.90 Papilla Organica Pera Platano",,11290,,,,unknown,
Valoramos tu privacidad,"Valoramos tu privacidad En FRECUENTO utilizamos cookies propias y de terceros para analizar nuestros servicios y mostrarte publicidad relacionada con tus preferencias en base a un perfil elaborado a partir de tus hábitos de navegación (por ejemplo, páginas visitadas). Ver Política de cookies Personalizar Rechazar todo Aceptar todo Personalizar las preferencias de consentimiento Al aceptar las cookies acepta voluntariamente el tratamiento de sus datos. Esto también incluye, por un tiempo limitado, su consentimiento para el procesamiento de datos fuera de Ecuador. En estos países, a pesar de una cuidadosa selección y obligación de los proveedores de servicios, no se puede garantizar el alto de protección de datos. Necesarias Siempre activas Las cookies necesarias son cruciales para las funciones básicas del sitio web y el sitio web no funcionará de la forma prevista sin ellas. Estas cookies no almacenan ningún dato de identificación personal. Cookie visid_incap_* Duración 1 año Descripción Incapsula sets this cookie to provide cloud-based website security services. Cookie incap_ses_* Duración sesión Descripción This is an Incapsula DDoS Protection and Web Application Firewall cookie that is used to relate HTTP requests to a certain session. Cookie cookieyes-consent Duración 1 año Descripción CookieYes establece esta cookie para recordar las preferencias de consentimiento de los usuarios, de modo que se respeten sus preferencias en las siguientes visitas a este sitio. No recoge ni almacena ninguna información personal sobre los visitantes del sitio. Cookie opt_out Duración 1 año Descripción This cookie is used for preventing the installation of third party advertiser or other cookies on the browser. Cookie gdpr Duración Caducada Descripción Determines whether the visitor has accepted the cookie consent box. This ensures that the cookie consent box will not be presented again upon re-entry. Cookie _GRECAPTCHA Duración 6 meses Descripción Un CAPTCHA te ayuda a protegerte",,,,,,unknown,
Valoramos tu privacidad,"Valoramos tu privacidad En FRECUENTO utilizamos cookies propias y de terceros para analizar nuestros servicios y mostrarte publicidad relacionada con tus preferencias en base a un perfil elaborado a partir de tus hábitos de navegación (por ejemplo, páginas visitadas). Ver Política de cookies Personalizar Rechazar todo Aceptar todo Personalizar las preferencias de consentimiento Al aceptar las cookies acepta voluntariamente el tratamiento de sus datos. Esto también incluye, por un tiempo limitado, su consentimiento para el procesamiento de datos fuera de Ecuador. En estos países, a pesar de una cuidadosa selección y obligación de los proveedores de servicios, no se puede garantizar el alto de protección de datos. Necesarias Siempre activas Las cookies necesarias son cruciales para las funciones básicas del sitio web y el sitio web no funcionará de la forma prevista sin ellas. Estas cookies no almacenan ningún dato de identificación personal. Cookie visid_incap_* Duración 1 año Descripción Incapsula sets this cookie to provide cloud-based website security services. Cookie incap_ses_* Duración sesión Descripción This is an Incapsula DDoS Protection and Web Application Firewall cookie that is used to relate HTTP requests to a certain session. Cookie cookieyes-consent Duración 1 año Descripción CookieYes establece esta cookie para recordar las preferencias de consentimiento de los usuarios, de modo que se respeten sus preferencias en las siguientes visitas a este sitio. No recoge ni almacena ninguna información personal sobre los visitantes del sitio. Cookie opt_out Duración 1 año Descripción This cookie is used for preventing the installation of third party advertiser or other cookies on the browser. Cookie gdpr Duración Caducada Descripción Determines whether the visitor has accepted the cookie consent box. This ensures that the cookie consent box will not be presented again upon re-entry. Cookie _GRECAPTCHA Duración 6 meses Descripción Un CAPTCHA te ayuda a protegerte",,099,,,,unknown,
Valoramos tu privacidad,"Valoramos tu privacidad En FRECUENTO utilizamos cookies propias y de terceros para analizar nuestros servicios y mostrarte publicidad relacionada con tus preferencias en base a un perfil elaborado a partir de tus hábitos de navegación (por ejemplo, páginas visitadas). Ver Política de cookies Personalizar Rechazar todo Aceptar todo Personalizar las preferencias de consentimiento Al aceptar las cookies acepta voluntariamente el tratamiento de sus datos. Esto también incluye, por un tiempo limitado, su consentimiento para el procesamiento de datos fuera de Ecuador. En estos países, a pesar de una cuidadosa selección y obligación de los proveedores de servicios, no se puede garantizar el alto de protección de datos. Necesarias Siempre activas Las cookies necesarias son cruciales para las funciones básicas del sitio web y el sitio web no funcionará de la forma prevista sin ellas. Estas cookies no almacenan ningún dato de identificación personal. Cookie visid_incap_* Duración 1 año Descripción Incapsula sets this cookie to provide cloud-based website security services. Cookie incap_ses_* Duración sesión Descripción This is an Incapsula DDoS Protection and Web Application Firewall cookie that is used to relate HTTP requests to a certain session. Cookie cookieyes-consent Duración 1 año Descripción CookieYes establece esta cookie para recordar las preferencias de consentimiento de los usuarios, de modo que se respeten sus preferencias en las siguientes visitas a este sitio. No recoge ni almacena ninguna información personal sobre los visitantes del sitio. Cookie opt_out Duración 1 año Descripción This cookie is used for preventing the installation of third party advertiser or other cookies on the browser. Cookie gdpr Duración Caducada Descripción Determines whether the visitor has accepted the cookie consent box. This ensures that the cookie consent box will not be presented again upon re-entry. Cookie _GRECAPTCHA Duración 6 meses Descripción Un CAPTCHA te ayuda a protegerte",,189,,,,unknown,
Valoramos tu privacidad,"Valoramos tu privacidad En FRECUENTO utilizamos cookies propias y de terceros para analizar nuestros servicios y mostrarte publicidad relacionada con tus preferencias en base a un perfil elaborado a partir de tus hábitos de navegación (por ejemplo, páginas visitadas). Ver Política de cookies Personalizar Rechazar todo Aceptar todo Personalizar las preferencias de consentimiento Al aceptar las cookies acepta voluntariamente el tratamiento de sus datos. Esto también incluye, por un tiempo limitado, su consentimiento para el procesamiento de datos fuera de Ecuador. En estos países, a pesar de una cuidadosa selección y obligación de los proveedores de servicios, no se puede garantizar el alto de protección de datos. Necesarias Siempre activas Las cookies necesarias son cruciales para las funciones básicas del sitio web y el sitio web no funcionará de la forma prevista sin ellas. Estas cookies no almacenan ningún dato de identificación personal. Cookie visid_incap_* Duración 1 año Descripción Incapsula sets this cookie to provide cloud-based website security services. Cookie incap_ses_* Duración sesión Descripción This is an Incapsula DDoS Protection and Web Application Firewall cookie that is used to relate HTTP requests to a certain session. Cookie cookieyes-consent Duración 1 año Descripción CookieYes establece esta cookie para recordar las preferencias de consentimiento de los usuarios, de modo que se respeten sus preferencias en las siguientes visitas a este sitio. No recoge ni almacena ninguna información personal sobre los visitantes del sitio. Cookie opt_out Duración 1 año Descripción This cookie is used for preventing the installation of third party advertiser or other cookies on the browser. Cookie gdpr Duración Caducada Descripción Determines whether the visitor has accepted the cookie consent box. This ensures that the cookie consent box will not be presented again upon re-entry. Cookie _GRECAPTCHA Duración 6 meses Descripción Un CAPTCHA te ayuda a protegerte",,154,,,,unknown,
Valoramos tu privacidad,"Valoramos tu privacidad En FRECUENTO utilizamos cookies propias y de terceros para analizar nuestros servicios y mostrarte publicidad relacionada con tus preferencias en base a un perfil elaborado a partir de tus hábitos de navegación (por ejemplo, páginas visitadas). Ver Política de cookies Personalizar Rechazar todo Aceptar todo Personalizar las preferencias de consentimiento Al aceptar las cookies acepta voluntariamente el tratamiento de sus datos. Esto también incluye, por un tiempo limitado, su consentimiento para el procesamiento de datos fuera de Ecuador. En estos países, a pesar de una cuidadosa selección y obligación de los proveedores de servicios, no se puede garantizar el alto de protección de datos. Necesarias Siempre activas Las cookies necesarias son cruciales para las funciones básicas del sitio web y el sitio web no funcionará de la forma prevista sin ellas. Estas cookies no almacenan ningún dato de identificación personal. Cookie visid_incap_* Duración 1 año Descripción Incapsula sets this cookie to provide cloud-based website security services. Cookie incap_ses_* Duración sesión Descripción This is an Incapsula DDoS Protection and Web Application Firewall cookie that is used to relate HTTP requests to a certain session. Cookie cookieyes-consent Duración 1 año Descripción CookieYes establece esta cookie para recordar las preferencias de consentimiento de los usuarios, de modo que se respeten sus preferencias en las siguientes visitas a este sitio. No recoge ni almacena ninguna información personal sobre los visitantes del sitio. Cookie opt_out Duración 1 año Descripción This cookie is used for preventing the installation of third party advertiser or other cookies on the browser. Cookie gdpr Duración Caducada Descripción Determines whether the visitor has accepted the cookie consent box. This ensures that the cookie consent box will not be presented again upon re-entry. Cookie _GRECAPTCHA Duración 6 meses Descripción Un CAPTCHA te ayuda a protegerte",,,,,,unknown,
Valoramos tu privacidad,"Valoramos tu privacidad En FRECUENTO utilizamos cookies propias y de terceros para analizar nuestros servicios y mostrarte publicidad relacionada con tus preferencias en base a un perfil elaborado a partir de tus hábitos de navegación (por ejemplo, páginas visitadas). Ver Política de cookies Personalizar Rechazar todo Aceptar todo Personalizar las preferencias de consentimiento Al aceptar las cookies acepta voluntariamente el tratamiento de sus datos. Esto también incluye, por un tiempo limitado, su consentimiento para el procesamiento de datos fuera de Ecuador. En estos países, a pesar de una cuidadosa selección y obligación de los proveedores de servicios, no se puede garantizar el alto de protección de datos. Necesarias Siempre activas Las cookies necesarias son cruciales para las funciones básicas del sitio web y el sitio web no funcionará de la forma prevista sin ellas. Estas cookies no almacenan ningún dato de identificación personal. Cookie visid_incap_* Duración 1 año Descripción Incapsula sets this cookie to provide cloud-based website security services. Cookie incap_ses_* Duración sesión Descripción This is an Incapsula DDoS Protection and Web Application Firewall cookie that is used to relate HTTP requests to a certain session. Cookie cookieyes-consent Duración 1 año Descripción CookieYes establece esta cookie para recordar las preferencias de consentimiento de los usuarios, de modo que se respeten sus preferencias en las siguientes visitas a este sitio. No recoge ni almacena ninguna información personal sobre los visitantes del sitio. Cookie opt_out Duración 1 año Descripción This cookie is used for preventing the installation of third party advertiser or other cookies on the browser. Cookie gdpr Duración Caducada Descripción Determines whether the visitor has accepted the cookie consent box. This ensures that the cookie consent box will not be presented again upon re-entry. Cookie _GRECAPTCHA Duración 6 meses Descripción Un CAPTCHA te ayuda a protegerte",,199,,,,unknown,
Valoramos tu privacidad,"Valoramos tu privacidad En FRECUENTO utilizamos cookies propias y de terceros para analizar nuestros servicios y mostrarte publicidad relacionada con tus preferencias en base a un perfil elaborado a partir de tus hábitos de navegación (por ejemplo, páginas visitadas). Ver Política de cookies Personalizar Rechazar todo Aceptar todo Personalizar las preferencias de consentimiento Al aceptar las cookies acepta voluntariamente el tratamiento de sus datos. Esto también incluye, por un tiempo limitado, su consentimiento para el procesamiento de datos fuera de Ecuador. En estos países, a pesar de una cuidadosa selección y obligación de los proveedores de servicios, no se puede garantizar el alto de protección de datos. Necesarias Siempre activas Las cookies necesarias son cruciales para las funciones básicas del sitio web y el sitio web no funcionará de la forma prevista sin ellas. Estas cookies no almacenan ningún dato de identificación personal. Cookie visid_incap_* Duración 1 año Descripción Incapsula sets this cookie to provide cloud-based website security services. Cookie incap_ses_* Duración sesión Descripción This is an Incapsula DDoS Protection and Web Application Firewall cookie that is used to relate HTTP requests to a certain session. Cookie cookieyes-consent Duración 1 año Descripción CookieYes establece esta cookie para recordar las preferencias de consentimiento de los usuarios, de modo que se respeten sus preferencias en las siguientes visitas a este sitio. No recoge ni almacena ninguna información personal sobre los visitantes del sitio. Cookie opt_out Duración 1 año Descripción This cookie is used for preventing the installation of third party advertiser or other cookies on the browser. Cookie gdpr Duración Caducada Descripción Determines whether the visitor has accepted the cookie consent box. This ensures that the cookie consent box will not be presented again upon re-entry. Cookie _GRECAPTCHA Duración 6 meses Descripción Un CAPTCHA te ayuda a protegerte",,262,,,,unknown,
"Este gato no debería estar en esta caja, ni tú en esta página","Este gato no debería estar en esta caja, ni tú en esta página Puede que haya expirado. Intenta la búsqueda con otras palabras o tal vez puedas encontrarla desde el homepage. Ir a Inicio Live Chat Live Chat",,,,,,unknown,
Valoramos tu privacidad,"Valoramos tu privacidad En FRECUENTO utilizamos cookies propias y de terceros para analizar nuestros servicios y mostrarte publicidad relacionada con tus preferencias en base a un perfil elaborado a partir de tus hábitos de navegación (por ejemplo, páginas visitadas). Ver Política de cookies Personalizar Rechazar todo Aceptar todo Personalizar las preferencias de consentimiento Al aceptar las cookies acepta voluntariamente el tratamiento de sus datos. Esto también incluye, por un tiempo limitado, su consentimiento para el procesamiento de datos fuera de Ecuador. En estos países, a pesar de una cuidadosa selección y obligación de los proveedores de servicios, no se puede garantizar el alto de protección de datos. Necesarias Siempre activas Las cookies necesarias son cruciales para las funciones básicas del sitio web y el sitio web no funcionará de la forma prevista sin ellas. Estas cookies no almacenan ningún dato de identificación personal. Cookie visid_incap_* Duración 1 año Descripción Incapsula sets this cookie to provide cloud-based website security services. Cookie incap_ses_* Duración sesión Descripción This is an Incapsula DDoS Protection and Web Application Firewall cookie that is used to relate HTTP requests to a certain session. Cookie cookieyes-consent Duración 1 año Descripción CookieYes establece esta cookie para recordar las preferencias de consentimiento de los usuarios, de modo que se respeten sus preferencias en las siguientes visitas a este sitio. No recoge ni almacena ninguna información personal sobre los visitantes del sitio. Cookie opt_out Duración 1 año Descripción This cookie is used for preventing the installation of third party advertiser or other cookies on the browser. Cookie gdpr Duración Caducada Descripción Determines whether the visitor has accepted the cookie consent box. This ensures that the cookie consent box will not be presented again upon re-entry. Cookie _GRECAPTCHA Duración 6 meses Descripción Un CAPTCHA te ayuda a protegerte",,092,,,,unknown,
Valoramos tu privacidad,"Valoramos tu privacidad En FRECUENTO utilizamos cookies propias y de terceros para analizar nuestros servicios y mostrarte publicidad relacionada con tus preferencias en base a un perfil elaborado a partir de tus hábitos de navegación (por ejemplo, páginas visitadas). Ver Política de cookies Personalizar Rechazar todo Aceptar todo Personalizar las preferencias de consentimiento Al aceptar las cookies acepta voluntariamente el tratamiento de sus datos. Esto también incluye, por un tiempo limitado, su consentimiento para el procesamiento de datos fuera de Ecuador. En estos países, a pesar de una cuidadosa selección y obligación de los proveedores de servicios, no se puede garantizar el alto de protección de datos. Necesarias Siempre activas Las cookies necesarias son cruciales para las funciones básicas del sitio web y el sitio web no funcionará de la forma prevista sin ellas. Estas cookies no almacenan ningún dato de identificación personal. Cookie visid_incap_* Duración 1 año Descripción Incapsula sets this cookie to provide cloud-based website security services. Cookie incap_ses_* Duración sesión Descripción This is an Incapsula DDoS Protection and Web Application Firewall cookie that is used to relate HTTP requests to a certain session. Cookie cookieyes-consent Duración 1 año Descripción CookieYes establece esta cookie para recordar las preferencias de consentimiento de los usuarios, de modo que se respeten sus preferencias en las siguientes visitas a este sitio. No recoge ni almacena ninguna información personal sobre los visitantes del sitio. Cookie opt_out Duración 1 año Descripción This cookie is used for preventing the installation of third party advertiser or other cookies on the browser. Cookie gdpr Duración Caducada Descripción Determines whether the visitor has accepted the cookie consent box. This ensures that the cookie consent box will not be presented again upon re-entry. Cookie _GRECAPTCHA Duración 6 meses Descripción Un CAPTCHA te ayuda a protegerte",,044,,,,unknown,
"Este sitio web utiliza cookies propias para optimizar la experiencia de nuestros clientes, analizar estadísticas de navegación del sitio y de terceros para brindar contenidos personalizados de acuerdo","Este sitio web utiliza cookies propias para optimizar la experiencia de nuestros clientes, analizar estadísticas de navegación del sitio y de terceros para brindar contenidos personalizados de acuerdo con sus preferencias. Al dar click en [Aceptar], autoriza el uso de cookies durante su navegación. Para más información, consulte nuestra Política de Cookies en el Aviso de Privacidad . Aceptar Supermercado Lacteos y huevo Leche Leche Alpura Clásica 4 Piezas de 1L c/u Alpura Cargando comentarios… Leche Alpura Clásica 4 Piezas de 1L c/u Leche Alpura Clásica 4 Piezas de 1L c/u Referencia : 3713405 Información Leche Alpura Clásica 4 Pack 1L Las imágenes del producto son únicamente de referencia, el diseño de etiquetas y el contenido (ml, L, Kg, g, piezas, etc) pueden cambiar y/o variar sin previo aviso. Mostrar más Comparte Vendido y entregado por: Chedraui Descripción Especificaciones La leche Alpura Clásica es fundamental en tu despensa ya que contiene proteína propia de la leche que te da la energía para comenzar tu día y que ayuda al desarrollo de músculos. Además de ser una fuente de calcio que ayuda a el crecimiento de dientes definitivos en los niños y da fortaleza ósea en adolescentes y adultos. También contiene Vitaminas A y D que ayudan a llevar mejor el oxígeno a la sangre y a que el calcio se absorbido de mejor manera por los huesos y músculos. Disfruta de este super alimento natural, ¡100% leche de vaca! Productos relacionados Leche Alpura Clásica 200ml Alpura $0.00 1 pieza de 200ml Combo Cantidad Máxima Equivale a ≈1 pza 3x2 Leche Alpura Clásica Pasteurizada Medio Galón 1.89L Alpura $0.00 1 pieza con 1.89L Combo Cantidad Máxima Equivale a ≈1 pza 3x2 Leche Alpura Clásica Pasteurizada Galón 3.78 L Alpura $0.00 1 pieza con 3.78L Combo Cantidad Máxima Equivale a ≈1 pza 3x2 Alimento Lácteo deli Leche 3 Piezas de 1L c/u Deli Leche $0.00 1 pz de 1L Combo Cantidad Máxima Equivale a ≈1 pza 3x2 Leche Alpura Clásica Pasteurizada 1 L Alpura $0.00 1 pieza con 1L Combo Ca",,000,,,,unknown,
Verifica tu identidad,Verifica tu identidad Mantén presionado el botón para confirmar que no eres un robot.,,,,,,unknown,
Valoramos tu privacidad,"Valoramos tu privacidad En FRECUENTO utilizamos cookies propias y de terceros para analizar nuestros servicios y mostrarte publicidad relacionada con tus preferencias en base a un perfil elaborado a partir de tus hábitos de navegación (por ejemplo, páginas visitadas). Ver Política de cookies Personalizar Rechazar todo Aceptar todo Personalizar las preferencias de consentimiento Al aceptar las cookies acepta voluntariamente el tratamiento de sus datos. Esto también incluye, por un tiempo limitado, su consentimiento para el procesamiento de datos fuera de Ecuador. En estos países, a pesar de una cuidadosa selección y obligación de los proveedores de servicios, no se puede garantizar el alto de protección de datos. Necesarias Siempre activas Las cookies necesarias son cruciales para las funciones básicas del sitio web y el sitio web no funcionará de la forma prevista sin ellas. Estas cookies no almacenan ningún dato de identificación personal. Cookie visid_incap_* Duración 1 año Descripción Incapsula sets this cookie to provide cloud-based website security services. Cookie incap_ses_* Duración sesión Descripción This is an Incapsula DDoS Protection and Web Application Firewall cookie that is used to relate HTTP requests to a certain session. Cookie cookieyes-consent Duración 1 año Descripción CookieYes establece esta cookie para recordar las preferencias de consentimiento de los usuarios, de modo que se respeten sus preferencias en las siguientes visitas a este sitio. No recoge ni almacena ninguna información personal sobre los visitantes del sitio. Cookie opt_out Duración 1 año Descripción This cookie is used for preventing the installation of third party advertiser or other cookies on the browser. Cookie gdpr Duración Caducada Descripción Determines whether the visitor has accepted the cookie consent box. This ensures that the cookie consent box will not be presented again upon re-entry. Cookie _GRECAPTCHA Duración 6 meses Descripción Un CAPTCHA te ayuda a protegerte",,,,,,unknown,
Valoramos tu privacidad,"Valoramos tu privacidad En FRECUENTO utilizamos cookies propias y de terceros para analizar nuestros servicios y mostrarte publicidad relacionada con tus preferencias en base a un perfil elaborado a partir de tus hábitos de navegación (por ejemplo, páginas visitadas). Ver Política de cookies Personalizar Rechazar todo Aceptar todo Personalizar las preferencias de consentimiento Al aceptar las cookies acepta voluntariamente el tratamiento de sus datos. Esto también incluye, por un tiempo limitado, su consentimiento para el procesamiento de datos fuera de Ecuador. En estos países, a pesar de una cuidadosa selección y obligación de los proveedores de servicios, no se puede garantizar el alto de protección de datos. Necesarias Siempre activas Las cookies necesarias son cruciales para las funciones básicas del sitio web y el sitio web no funcionará de la forma prevista sin ellas. Estas cookies no almacenan ningún dato de identificación personal. Cookie visid_incap_* Duración 1 año Descripción Incapsula sets this cookie to provide cloud-based website security services. Cookie incap_ses_* Duración sesión Descripción This is an Incapsula DDoS Protection and Web Application Firewall cookie that is used to relate HTTP requests to a certain session. Cookie cookieyes-consent Duración 1 año Descripción CookieYes establece esta cookie para recordar las preferencias de consentimiento de los usuarios, de modo que se respeten sus preferencias en las siguientes visitas a este sitio. No recoge ni almacena ninguna información personal sobre los visitantes del sitio. Cookie opt_out Duración 1 año Descripción This cookie is used for preventing the installation of third party advertiser or other cookies on the browser. Cookie gdpr Duración Caducada Descripción Determines whether the visitor has accepted the cookie consent box. This ensures that the cookie consent box will not be presented again upon re-entry. Cookie _GRECAPTCHA Duración 6 meses Descripción Un CAPTCHA te ayuda a protegerte",,560,,,,unknown,
Valoramos tu privacidad,"Valoramos tu privacidad En FRECUENTO utilizamos cookies propias y de terceros para analizar nuestros servicios y mostrarte publicidad relacionada con tus preferencias en base a un perfil elaborado a partir de tus hábitos de navegación (por ejemplo, páginas visitadas). Ver Política de cookies Personalizar Rechazar todo Aceptar todo Personalizar las preferencias de consentimiento Al aceptar las cookies acepta voluntariamente el tratamiento de sus datos. Esto también incluye, por un tiempo limitado, su consentimiento para el procesamiento de datos fuera de Ecuador. En estos países, a pesar de una cuidadosa selección y obligación de los proveedores de servicios, no se puede garantizar el alto de protección de datos. Necesarias Siempre activas Las cookies necesarias son cruciales para las funciones básicas del sitio web y el sitio web no funcionará de la forma prevista sin ellas. Estas cookies no almacenan ningún dato de identificación personal. Cookie visid_incap_* Duración 1 año Descripción Incapsula sets this cookie to provide cloud-based website security services. Cookie incap_ses_* Duración sesión Descripción This is an Incapsula DDoS Protection and Web Application Firewall cookie that is used to relate HTTP requests to a certain session. Cookie cookieyes-consent Duración 1 año Descripción CookieYes establece esta cookie para recordar las preferencias de consentimiento de los usuarios, de modo que se respeten sus preferencias en las siguientes visitas a este sitio. No recoge ni almacena ninguna información personal sobre los visitantes del sitio. Cookie opt_out Duración 1 año Descripción This cookie is used for preventing the installation of third party advertiser or other cookies on the browser. Cookie gdpr Duración Caducada Descripción Determines whether the visitor has accepted the cookie consent box. This ensures that the cookie consent box will not be presented again upon re-entry. Cookie _GRECAPTCHA Duración 6 meses Descripción Un CAPTCHA te ayuda a protegerte",,4345,,,,unknown,
Valoramos tu privacidad,"Valoramos tu privacidad En FRECUENTO utilizamos cookies propias y de terceros para analizar nuestros servicios y mostrarte publicidad relacionada con tus preferencias en base a un perfil elaborado a partir de tus hábitos de navegación (por ejemplo, páginas visitadas). Ver Política de cookies Personalizar Rechazar todo Aceptar todo Personalizar las preferencias de consentimiento Al aceptar las cookies acepta voluntariamente el tratamiento de sus datos. Esto también incluye, por un tiempo limitado, su consentimiento para el procesamiento de datos fuera de Ecuador. En estos países, a pesar de una cuidadosa selección y obligación de los proveedores de servicios, no se puede garantizar el alto de protección de datos. Necesarias Siempre activas Las cookies necesarias son cruciales para las funciones básicas del sitio web y el sitio web no funcionará de la forma prevista sin ellas. Estas cookies no almacenan ningún dato de identificación personal. Cookie visid_incap_* Duración 1 año Descripción Incapsula sets this cookie to provide cloud-based website security services. Cookie incap_ses_* Duración sesión Descripción This is an Incapsula DDoS Protection and Web Application Firewall cookie that is used to relate HTTP requests to a certain session. Cookie cookieyes-consent Duración 1 año Descripción CookieYes establece esta cookie para recordar las preferencias de consentimiento de los usuarios, de modo que se respeten sus preferencias en las siguientes visitas a este sitio. No recoge ni almacena ninguna información personal sobre los visitantes del sitio. Cookie opt_out Duración 1 año Descripción This cookie is used for preventing the installation of third party advertiser or other cookies on the browser. Cookie gdpr Duración Caducada Descripción Determines whether the visitor has accepted the cookie consent box. This ensures that the cookie consent box will not be presented again upon re-entry. Cookie _GRECAPTCHA Duración 6 meses Descripción Un CAPTCHA te ayuda a protegerte",,4159,,,,unknown,
Valoramos tu privacidad,"Valoramos tu privacidad En FRECUENTO utilizamos cookies propias y de terceros para analizar nuestros servicios y mostrarte publicidad relacionada con tus preferencias en base a un perfil elaborado a partir de tus hábitos de navegación (por ejemplo, páginas visitadas). Ver Política de cookies Personalizar Rechazar todo Aceptar todo Personalizar las preferencias de consentimiento Al aceptar las cookies acepta voluntariamente el tratamiento de sus datos. Esto también incluye, por un tiempo limitado, su consentimiento para el procesamiento de datos fuera de Ecuador. En estos países, a pesar de una cuidadosa selección y obligación de los proveedores de servicios, no se puede garantizar el alto de protección de datos. Necesarias Siempre activas Las cookies necesarias son cruciales para las funciones básicas del sitio web y el sitio web no funcionará de la forma prevista sin ellas. Estas cookies no almacenan ningún dato de identificación personal. Cookie visid_incap_* Duración 1 año Descripción Incapsula sets this cookie to provide cloud-based website security services. Cookie incap_ses_* Duración sesión Descripción This is an Incapsula DDoS Protection and Web Application Firewall cookie that is used to relate HTTP requests to a certain session. Cookie cookieyes-consent Duración 1 año Descripción CookieYes establece esta cookie para recordar las preferencias de consentimiento de los usuarios, de modo que se respeten sus preferencias en las siguientes visitas a este sitio. No recoge ni almacena ninguna información personal sobre los visitantes del sitio. Cookie opt_out Duración 1 año Descripción This cookie is used for preventing the installation of third party advertiser or other cookies on the browser. Cookie gdpr Duración Caducada Descripción Determines whether the visitor has accepted the cookie consent box. This ensures that the cookie consent box will not be presented again upon re-entry. Cookie _GRECAPTCHA Duración 6 meses Descripción Un CAPTCHA te ayuda a protegerte",,1045,,,,unknown,
Valoramos tu privacidad,"Valoramos tu privacidad En FRECUENTO utilizamos cookies propias y de terceros para analizar nuestros servicios y mostrarte publicidad relacionada con tus preferencias en base a un perfil elaborado a partir de tus hábitos de navegación (por ejemplo, páginas visitadas). Ver Política de cookies Personalizar Rechazar todo Aceptar todo Personalizar las preferencias de consentimiento Al aceptar las cookies acepta voluntariamente el tratamiento de sus datos. Esto también incluye, por un tiempo limitado, su consentimiento para el procesamiento de datos fuera de Ecuador. En estos países, a pesar de una cuidadosa selección y obligación de los proveedores de servicios, no se puede garantizar el alto de protección de datos. Necesarias Siempre activas Las cookies necesarias son cruciales para las funciones básicas del sitio web y el sitio web no funcionará de la forma prevista sin ellas. Estas cookies no almacenan ningún dato de identificación personal. Cookie visid_incap_* Duración 1 año Descripción Incapsula sets this cookie to provide cloud-based website security services. Cookie incap_ses_* Duración sesión Descripción This is an Incapsula DDoS Protection and Web Application Firewall cookie that is used to relate HTTP requests to a certain session. Cookie cookieyes-consent Duración 1 año Descripción CookieYes establece esta cookie para recordar las preferencias de consentimiento de los usuarios, de modo que se respeten sus preferencias en las siguientes visitas a este sitio. No recoge ni almacena ninguna información personal sobre los visitantes del sitio. Cookie opt_out Duración 1 año Descripción This cookie is used for preventing the installation of third party advertiser or other cookies on the browser. Cookie gdpr Duración Caducada Descripción Determines whether the visitor has accepted the cookie consent box. This ensures that the cookie consent box will not be presented again upon re-entry. Cookie _GRECAPTCHA Duración 6 meses Descripción Un CAPTCHA te ayuda a protegerte",,566,,,,unknown,
Valoramos tu privacidad,"Valoramos tu privacidad En FRECUENTO utilizamos cookies propias y de terceros para analizar nuestros servicios y mostrarte publicidad relacionada con tus preferencias en base a un perfil elaborado a partir de tus hábitos de navegación (por ejemplo, páginas visitadas). Ver Política de cookies Personalizar Rechazar todo Aceptar todo Personalizar las preferencias de consentimiento Al aceptar las cookies acepta voluntariamente el tratamiento de sus datos. Esto también incluye, por un tiempo limitado, su consentimiento para el procesamiento de datos fuera de Ecuador. En estos países, a pesar de una cuidadosa selección y obligación de los proveedores de servicios, no se puede garantizar el alto de protección de datos. Necesarias Siempre activas Las cookies necesarias son cruciales para las funciones básicas del sitio web y el sitio web no funcionará de la forma prevista sin ellas. Estas cookies no almacenan ningún dato de identificación personal. Cookie visid_incap_* Duración 1 año Descripción Incapsula sets this cookie to provide cloud-based website security services. Cookie incap_ses_* Duración sesión Descripción This is an Incapsula DDoS Protection and Web Application Firewall cookie that is used to relate HTTP requests to a certain session. Cookie cookieyes-consent Duración 1 año Descripción CookieYes establece esta cookie para recordar las preferencias de consentimiento de los usuarios, de modo que se respeten sus preferencias en las siguientes visitas a este sitio. No recoge ni almacena ninguna información personal sobre los visitantes del sitio. Cookie opt_out Duración 1 año Descripción This cookie is used for preventing the installation of third party advertiser or other cookies on the browser. Cookie gdpr Duración Caducada Descripción Determines whether the visitor has accepted the cookie consent box. This ensures that the cookie consent box will not be presented again upon re-entry. Cookie _GRECAPTCHA Duración 6 meses Descripción Un CAPTCHA te ayuda a protegerte",,645,,,,unknown,
Valoramos tu privacidad,"Valoramos tu privacidad En FRECUENTO utilizamos cookies propias y de terceros para analizar nuestros servicios y mostrarte publicidad relacionada con tus preferencias en base a un perfil elaborado a partir de tus hábitos de navegación (por ejemplo, páginas visitadas). Ver Política de cookies Personalizar Rechazar todo Aceptar todo Personalizar las preferencias de consentimiento Al aceptar las cookies acepta voluntariamente el tratamiento de sus datos. Esto también incluye, por un tiempo limitado, su consentimiento para el procesamiento de datos fuera de Ecuador. En estos países, a pesar de una cuidadosa selección y obligación de los proveedores de servicios, no se puede garantizar el alto de protección de datos. Necesarias Siempre activas Las cookies necesarias son cruciales para las funciones básicas del sitio web y el sitio web no funcionará de la forma prevista sin ellas. Estas cookies no almacenan ningún dato de identificación personal. Cookie visid_incap_* Duración 1 año Descripción Incapsula sets this cookie to provide cloud-based website security services. Cookie incap_ses_* Duración sesión Descripción This is an Incapsula DDoS Protection and Web Application Firewall cookie that is used to relate HTTP requests to a certain session. Cookie cookieyes-consent Duración 1 año Descripción CookieYes establece esta cookie para recordar las preferencias de consentimiento de los usuarios, de modo que se respeten sus preferencias en las siguientes visitas a este sitio. No recoge ni almacena ninguna información personal sobre los visitantes del sitio. Cookie opt_out Duración 1 año Descripción This cookie is used for preventing the installation of third party advertiser or other cookies on the browser. Cookie gdpr Duración Caducada Descripción Determines whether the visitor has accepted the cookie consent box. This ensures that the cookie consent box will not be presented again upon re-entry. Cookie _GRECAPTCHA Duración 6 meses Descripción Un CAPTCHA te ayuda a protegerte",,,,,,unknown,
Valoramos tu privacidad,"Valoramos tu privacidad En FRECUENTO utilizamos cookies propias y de terceros para analizar nuestros servicios y mostrarte publicidad relacionada con tus preferencias en base a un perfil elaborado a partir de tus hábitos de navegación (por ejemplo, páginas visitadas). Ver Política de cookies Personalizar Rechazar todo Aceptar todo Personalizar las preferencias de consentimiento Al aceptar las cookies acepta voluntariamente el tratamiento de sus datos. Esto también incluye, por un tiempo limitado, su consentimiento para el procesamiento de datos fuera de Ecuador. En estos países, a pesar de una cuidadosa selección y obligación de los proveedores de servicios, no se puede garantizar el alto de protección de datos. Necesarias Siempre activas Las cookies necesarias son cruciales para las funciones básicas del sitio web y el sitio web no funcionará de la forma prevista sin ellas. Estas cookies no almacenan ningún dato de identificación personal. Cookie visid_incap_* Duración 1 año Descripción Incapsula sets this cookie to provide cloud-based website security services. Cookie incap_ses_* Duración sesión Descripción This is an Incapsula DDoS Protection and Web Application Firewall cookie that is used to relate HTTP requests to a certain session. Cookie cookieyes-consent Duración 1 año Descripción CookieYes establece esta cookie para recordar las preferencias de consentimiento de los usuarios, de modo que se respeten sus preferencias en las siguientes visitas a este sitio. No recoge ni almacena ninguna información personal sobre los visitantes del sitio. Cookie opt_out Duración 1 año Descripción This cookie is used for preventing the installation of third party advertiser or other cookies on the browser. Cookie gdpr Duración Caducada Descripción Determines whether the visitor has accepted the cookie consent box. This ensures that the cookie consent box will not be presented again upon re-entry. Cookie _GRECAPTCHA Duración 6 meses Descripción Un CAPTCHA te ayuda a protegerte",,100,,,,unknown,
Valoramos tu privacidad,"Valoramos tu privacidad En FRECUENTO utilizamos cookies propias y de terceros para analizar nuestros servicios y mostrarte publicidad relacionada con tus preferencias en base a un perfil elaborado a partir de tus hábitos de navegación (por ejemplo, páginas visitadas). Ver Política de cookies Personalizar Rechazar todo Aceptar todo Personalizar las preferencias de consentimiento Al aceptar las cookies acepta voluntariamente el tratamiento de sus datos. Esto también incluye, por un tiempo limitado, su consentimiento para el procesamiento de datos fuera de Ecuador. En estos países, a pesar de una cuidadosa selección y obligación de los proveedores de servicios, no se puede garantizar el alto de protección de datos. Necesarias Siempre activas Las cookies necesarias son cruciales para las funciones básicas del sitio web y el sitio web no funcionará de la forma prevista sin ellas. Estas cookies no almacenan ningún dato de identificación personal. Cookie visid_incap_* Duración 1 año Descripción Incapsula sets this cookie to provide cloud-based website security services. Cookie incap_ses_* Duración sesión Descripción This is an Incapsula DDoS Protection and Web Application Firewall cookie that is used to relate HTTP requests to a certain session. Cookie cookieyes-consent Duración 1 año Descripción CookieYes establece esta cookie para recordar las preferencias de consentimiento de los usuarios, de modo que se respeten sus preferencias en las siguientes visitas a este sitio. No recoge ni almacena ninguna información personal sobre los visitantes del sitio. Cookie opt_out Duración 1 año Descripción This cookie is used for preventing the installation of third party advertiser or other cookies on the browser. Cookie gdpr Duración Caducada Descripción Determines whether the visitor has accepted the cookie consent box. This ensures that the cookie consent box will not be presented again upon re-entry. Cookie _GRECAPTCHA Duración 6 meses Descripción Un CAPTCHA te ayuda a protegerte",,,,,,unknown,
¡Lo mejor te está esperando!,"¡Lo mejor te está esperando! Descarga la app Departamentos Inicia sesión Ofertas de la semana Listas Alsuper Club Alsuper Alsuper card Estás en Alsuper Plus Leones 90 min Inicio > Despensa > Chocolates Cafés Y Tes > Cafe Soluble El Marino 100 G Detalles: El Café Soluble El Marino de 100 gramos es la elección perfecta para los amantes del buen café. Disfruta de su sabor intenso y aromático en cualquier momento del día. Este café de alta calidad se disuelve rápidamente, brindán ... Ver más Cafe Soluble El Marino 100 g $54.90 Agregar al carrito Favoritos Agregar a una lista Recomendados $149.90 Cafe Soluble Liofilizado Diamante O... 180 GR Agregar $179.90 $194.90 Cafe Soluble Clãsico Nescafe 300 G 300 GR Agregar $99.90 $109.90 Cafe Soluble Clasico Nescafe 120 G 120 GR Agregar $109.90 Cafe Soluble Dolca 170g 170 GR Agregar $69.90 Cafe Soluble Clasico Nescafe 60 G 60 GR Agregar $66.90 Cafe Soluble Clasico Doypack Clasico... 85 GR Agregar $44.90 $49.90 Cafe Soluble Dolca 46gr 46 GR Agregar $52.90 Cafe Soluble Decaf Descafeinado Ne... 40 GR Agregar $114.90 $134.90 Cafe Soluble Decaf Descafeinado Nes... 120 GR Agregar $149.90 $159.90 Cafe Soluble Reserva Xiapan Nescafe... 180 GR Agregar $39.90 Cafe Soluble Mezclado Con Azucar ... 100 GR Agregar $134.90 Cafe Soluble Gourmet Garat 125 G 125 GR Agregar $124.90 $139.90 Cafe Soluble Nescaf Ice Nescafe 17... 170 GR Agregar $119.90 Cafe Soluble 24 Kilates Oro 160 G 160 GR Agregar $94.90 Cafe Soluble Gourmet Gold Los Port... 85 GR AGOTADO $149.90 $159.90 Cafe Soluble Reserva Verarica Nesc... 180 GR Agregar $64.90 $69.90 Cafe Soluble Dolca 80gr 80 GR Agregar $174.90 Cafe Soluble Gourmet Gold Los Port... 170 GR Agregar $149.90 $159.90 Cafe Soluble Reserva Oahan Nescafe ... 180 GR Agregar $149.90 Cafe Soluble Decaf Sin Cafeina Nesc... 170 GR Agregar $84.90 $99.90 Cafe Soluble De Olla Nescafe 170 G 170 GR Agregar $84.90 Cafe Soluble De Olla Legal 180 G 180 GR Agregar $139.90 $154.90 Cafe Soluble Dolca Nescafe 260 G 260 GR Agregar $34.",,5490,,,,unknown,
Valoramos tu privacidad,"Valoramos tu privacidad En FRECUENTO utilizamos cookies propias y de terceros para analizar nuestros servicios y mostrarte publicidad relacionada con tus preferencias en base a un perfil elaborado a partir de tus hábitos de navegación (por ejemplo, páginas visitadas). Ver Política de cookies Personalizar Rechazar todo Aceptar todo Personalizar las preferencias de consentimiento Al aceptar las cookies acepta voluntariamente el tratamiento de sus datos. Esto también incluye, por un tiempo limitado, su consentimiento para el procesamiento de datos fuera de Ecuador. En estos países, a pesar de una cuidadosa selección y obligación de los proveedores de servicios, no se puede garantizar el alto de protección de datos. Necesarias Siempre activas Las cookies necesarias son cruciales para las funciones básicas del sitio web y el sitio web no funcionará de la forma prevista sin ellas. Estas cookies no almacenan ningún dato de identificación personal. Cookie visid_incap_* Duración 1 año Descripción Incapsula sets this cookie to provide cloud-based website security services. Cookie incap_ses_* Duración sesión Descripción This is an Incapsula DDoS Protection and Web Application Firewall cookie that is used to relate HTTP requests to a certain session. Cookie cookieyes-consent Duración 1 año Descripción CookieYes establece esta cookie para recordar las preferencias de consentimiento de los usuarios, de modo que se respeten sus preferencias en las siguientes visitas a este sitio. No recoge ni almacena ninguna información personal sobre los visitantes del sitio. Cookie opt_out Duración 1 año Descripción This cookie is used for preventing the installation of third party advertiser or other cookies on the browser. Cookie gdpr Duración Caducada Descripción Determines whether the visitor has accepted the cookie consent box. This ensures that the cookie consent box will not be presented again upon re-entry. Cookie _GRECAPTCHA Duración 6 meses Descripción Un CAPTCHA te ayuda a protegerte",,114,,,,unknown,
Valoramos tu privacidad,"Valoramos tu privacidad En FRECUENTO utilizamos cookies propias y de terceros para analizar nuestros servicios y mostrarte publicidad relacionada con tus preferencias en base a un perfil elaborado a partir de tus hábitos de navegación (por ejemplo, páginas visitadas). Ver Política de cookies Personalizar Rechazar todo Aceptar todo Personalizar las preferencias de consentimiento Al aceptar las cookies acepta voluntariamente el tratamiento de sus datos. Esto también incluye, por un tiempo limitado, su consentimiento para el procesamiento de datos fuera de Ecuador. En estos países, a pesar de una cuidadosa selección y obligación de los proveedores de servicios, no se puede garantizar el alto de protección de datos. Necesarias Siempre activas Las cookies necesarias son cruciales para las funciones básicas del sitio web y el sitio web no funcionará de la forma prevista sin ellas. Estas cookies no almacenan ningún dato de identificación personal. Cookie visid_incap_* Duración 1 año Descripción Incapsula sets this cookie to provide cloud-based website security services. Cookie incap_ses_* Duración sesión Descripción This is an Incapsula DDoS Protection and Web Application Firewall cookie that is used to relate HTTP requests to a certain session. Cookie cookieyes-consent Duración 1 año Descripción CookieYes establece esta cookie para recordar las preferencias de consentimiento de los usuarios, de modo que se respeten sus preferencias en las siguientes visitas a este sitio. No recoge ni almacena ninguna información personal sobre los visitantes del sitio. Cookie opt_out Duración 1 año Descripción This cookie is used for preventing the installation of third party advertiser or other cookies on the browser. Cookie gdpr Duración Caducada Descripción Determines whether the visitor has accepted the cookie consent box. This ensures that the cookie consent box will not be presented again upon re-entry. Cookie _GRECAPTCHA Duración 6 meses Descripción Un CAPTCHA te ayuda a protegerte",,225,,,,unknown,
Valoramos tu privacidad,"Valoramos tu privacidad En FRECUENTO utilizamos cookies propias y de terceros para analizar nuestros servicios y mostrarte publicidad relacionada con tus preferencias en base a un perfil elaborado a partir de tus hábitos de navegación (por ejemplo, páginas visitadas). Ver Política de cookies Personalizar Rechazar todo Aceptar todo Personalizar las preferencias de consentimiento Al aceptar las cookies acepta voluntariamente el tratamiento de sus datos. Esto también incluye, por un tiempo limitado, su consentimiento para el procesamiento de datos fuera de Ecuador. En estos países, a pesar de una cuidadosa selección y obligación de los proveedores de servicios, no se puede garantizar el alto de protección de datos. Necesarias Siempre activas Las cookies necesarias son cruciales para las funciones básicas del sitio web y el sitio web no funcionará de la forma prevista sin ellas. Estas cookies no almacenan ningún dato de identificación personal. Cookie visid_incap_* Duración 1 año Descripción Incapsula sets this cookie to provide cloud-based website security services. Cookie incap_ses_* Duración sesión Descripción This is an Incapsula DDoS Protection and Web Application Firewall cookie that is used to relate HTTP requests to a certain session. Cookie cookieyes-consent Duración 1 año Descripción CookieYes establece esta cookie para recordar las preferencias de consentimiento de los usuarios, de modo que se respeten sus preferencias en las siguientes visitas a este sitio. No recoge ni almacena ninguna información personal sobre los visitantes del sitio. Cookie opt_out Duración 1 año Descripción This cookie is used for preventing the installation of third party advertiser or other cookies on the browser. Cookie gdpr Duración Caducada Descripción Determines whether the visitor has accepted the cookie consent box. This ensures that the cookie consent box will not be presented again upon re-entry. Cookie _GRECAPTCHA Duración 6 meses Descripción Un CAPTCHA te ayuda a protegerte",,170,,,,unknown,
Valoramos tu privacidad,"Valoramos tu privacidad En FRECUENTO utilizamos cookies propias y de terceros para analizar nuestros servicios y mostrarte publicidad relacionada con tus preferencias en base a un perfil elaborado a partir de tus hábitos de navegación (por ejemplo, páginas visitadas). Ver Política de cookies Personalizar Rechazar todo Aceptar todo Personalizar las preferencias de consentimiento Al aceptar las cookies acepta voluntariamente el tratamiento de sus datos. Esto también incluye, por un tiempo limitado, su consentimiento para el procesamiento de datos fuera de Ecuador. En estos países, a pesar de una cuidadosa selección y obligación de los proveedores de servicios, no se puede garantizar el alto de protección de datos. Necesarias Siempre activas Las cookies necesarias son cruciales para las funciones básicas del sitio web y el sitio web no funcionará de la forma prevista sin ellas. Estas cookies no almacenan ningún dato de identificación personal. Cookie visid_incap_* Duración 1 año Descripción Incapsula sets this cookie to provide cloud-based website security services. Cookie incap_ses_* Duración sesión Descripción This is an Incapsula DDoS Protection and Web Application Firewall cookie that is used to relate HTTP requests to a certain session. Cookie cookieyes-consent Duración 1 año Descripción CookieYes establece esta cookie para recordar las preferencias de consentimiento de los usuarios, de modo que se respeten sus preferencias en las siguientes visitas a este sitio. No recoge ni almacena ninguna información personal sobre los visitantes del sitio. Cookie opt_out Duración 1 año Descripción This cookie is used for preventing the installation of third party advertiser or other cookies on the browser. Cookie gdpr Duración Caducada Descripción Determines whether the visitor has accepted the cookie consent box. This ensures that the cookie consent box will not be presented again upon re-entry. Cookie _GRECAPTCHA Duración 6 meses Descripción Un CAPTCHA te ayuda a protegerte",,189,,,,unknown,
Valoramos tu privacidad,"Valoramos tu privacidad En FRECUENTO utilizamos cookies propias y de terceros para analizar nuestros servicios y mostrarte publicidad relacionada con tus preferencias en base a un perfil elaborado a partir de tus hábitos de navegación (por ejemplo, páginas visitadas). Ver Política de cookies Personalizar Rechazar todo Aceptar todo Personalizar las preferencias de consentimiento Al aceptar las cookies acepta voluntariamente el tratamiento de sus datos. Esto también incluye, por un tiempo limitado, su consentimiento para el procesamiento de datos fuera de Ecuador. En estos países, a pesar de una cuidadosa selección y obligación de los proveedores de servicios, no se puede garantizar el alto de protección de datos. Necesarias Siempre activas Las cookies necesarias son cruciales para las funciones básicas del sitio web y el sitio web no funcionará de la forma prevista sin ellas. Estas cookies no almacenan ningún dato de identificación personal. Cookie visid_incap_* Duración 1 año Descripción Incapsula sets this cookie to provide cloud-based website security services. Cookie incap_ses_* Duración sesión Descripción This is an Incapsula DDoS Protection and Web Application Firewall cookie that is used to relate HTTP requests to a certain session. Cookie cookieyes-consent Duración 1 año Descripción CookieYes establece esta cookie para recordar las preferencias de consentimiento de los usuarios, de modo que se respeten sus preferencias en las siguientes visitas a este sitio. No recoge ni almacena ninguna información personal sobre los visitantes del sitio. Cookie opt_out Duración 1 año Descripción This cookie is used for preventing the installation of third party advertiser or other cookies on the browser. Cookie gdpr Duración Caducada Descripción Determines whether the visitor has accepted the cookie consent box. This ensures that the cookie consent box will not be presented again upon re-entry. Cookie _GRECAPTCHA Duración 6 meses Descripción Un CAPTCHA te ayuda a protegerte",,099,,,,unknown,
Valoramos tu privacidad,"Valoramos tu privacidad En FRECUENTO utilizamos cookies propias y de terceros para analizar nuestros servicios y mostrarte publicidad relacionada con tus preferencias en base a un perfil elaborado a partir de tus hábitos de navegación (por ejemplo, páginas visitadas). Ver Política de cookies Personalizar Rechazar todo Aceptar todo Personalizar las preferencias de consentimiento Al aceptar las cookies acepta voluntariamente el tratamiento de sus datos. Esto también incluye, por un tiempo limitado, su consentimiento para el procesamiento de datos fuera de Ecuador. En estos países, a pesar de una cuidadosa selección y obligación de los proveedores de servicios, no se puede garantizar el alto de protección de datos. Necesarias Siempre activas Las cookies necesarias son cruciales para las funciones básicas del sitio web y el sitio web no funcionará de la forma prevista sin ellas. Estas cookies no almacenan ningún dato de identificación personal. Cookie visid_incap_* Duración 1 año Descripción Incapsula sets this cookie to provide cloud-based website security services. Cookie incap_ses_* Duración sesión Descripción This is an Incapsula DDoS Protection and Web Application Firewall cookie that is used to relate HTTP requests to a certain session. Cookie cookieyes-consent Duración 1 año Descripción CookieYes establece esta cookie para recordar las preferencias de consentimiento de los usuarios, de modo que se respeten sus preferencias en las siguientes visitas a este sitio. No recoge ni almacena ninguna información personal sobre los visitantes del sitio. Cookie opt_out Duración 1 año Descripción This cookie is used for preventing the installation of third party advertiser or other cookies on the browser. Cookie gdpr Duración Caducada Descripción Determines whether the visitor has accepted the cookie consent box. This ensures that the cookie consent box will not be presented again upon re-entry. Cookie _GRECAPTCHA Duración 6 meses Descripción Un CAPTCHA te ayuda a protegerte",,,,,,unknown,
The store will not work correctly when cookies are disabled.,"The store will not work correctly when cookies are disabled. El almacenamiento local parece estar deshabilitado en tu navegador. Para obtener la mejor experiencia en nuestro sitio, asegúrese de activar Almacenamiento local en su navegador. Utilizamos cookies para mejorar tu experiencia. Para cumplir con la nueva directiva sobre privacidad electrónica, necesitamos el consentimiento para utilizar tus cookies. Aprende más . Permitir Cookies Encuentra de TOOOOODOOOO y más barato · VER OFERTAS Saltar al final de la galería de imágenes Saltar al comienzo de la galería de imágenes Leche Svelty Actifibras 1L En stock 27 Unidades en stock SKU X9011R8-UN Sea el primero en dejar una reseña Detalles del producto Reseñas Escribir Su propia reseña Estás revisando: Leche Svelty Actifibras 1L Su valoración Rating 1 star 2 stars 3 stars 4 stars 5 stars Apodo Resumen Reseña Escribir una reseña Añadir a la Lista de Deseos Añadir para comparar $2,05 Agregar al carrito Search engine powered by ElasticSuite",,2.05,,,,unknown,
The store will not work correctly when cookies are disabled.,"The store will not work correctly when cookies are disabled. El almacenamiento local parece estar deshabilitado en tu navegador. Para obtener la mejor experiencia en nuestro sitio, asegúrese de activar Almacenamiento local en su navegador. Utilizamos cookies para mejorar tu experiencia. Para cumplir con la nueva directiva sobre privacidad electrónica, necesitamos el consentimiento para utilizar tus cookies. Aprende más . Permitir Cookies Encuentra de TOOOOODOOOO y más barato · VER OFERTAS Inicio Leche Entera Tru 1L Saltar al final de la galería de imágenes Saltar al comienzo de la galería de imágenes Leche Entera Tru 1L En stock 20 Unidades en stock SKU X9604S7-UN Sea el primero en dejar una reseña Detalles: Leche 100% de vaca Conserva todos los componentes o propiedades nutricionalesde la leche Rica en grasa, calcio, minerales, proteínas y vitaminas A,D, B y E Ayuda a mantener huesos fuertes y sanos Empaque 100% reciclable Contenido: 1 Litro Detalles del producto Reseñas Escribir Su propia reseña Estás revisando: Leche Entera Tru 1L Su valoración Rating 1 star 2 stars 3 stars 4 stars 5 stars Apodo Resumen Reseña Escribir una reseña Añadir a la Lista de Deseos Añadir para comparar $1,33 Unds. Agregar al carrito Search engine powered by ElasticSuite",,1.33,,,,unknown,
The store will not work correctly when cookies are disabled.,"The store will not work correctly when cookies are disabled. El almacenamiento local parece estar deshabilitado en tu navegador. Para obtener la mejor experiencia en nuestro sitio, asegúrese de activar Almacenamiento local en su navegador. Utilizamos cookies para mejorar tu experiencia. Para cumplir con la nueva directiva sobre privacidad electrónica, necesitamos el consentimiento para utilizar tus cookies. Aprende más . Permitir Cookies Encuentra de TOOOOODOOOO y más barato · VER OFERTAS Inicio Leche Deslactosada Nutri 1L Saltar al final de la galería de imágenes Saltar al comienzo de la galería de imágenes Leche Deslactosada Nutri 1L En stock 22 Unidades en stock SKU XY8L065-UN Sea el primero en dejar una reseña Detalles: Es el producto de un proceso térmico UHT de Leche Deslactosada Comercialmente estéril, seguido de un llenado aséptico enenvase esterilizado y sellado herméticamente Tiene una vida útil de 6 meses Contenido: 1 litro Detalles del producto Reseñas Escribir Su propia reseña Estás revisando: Leche Deslactosada Nutri 1L Su valoración Rating 1 star 2 stars 3 stars 4 stars 5 stars Apodo Resumen Reseña Escribir una reseña Añadir a la Lista de Deseos Añadir para comparar $1,50 Unds. Agregar al carrito Search engine powered by ElasticSuite",,1.50,,,,unknown,
The store will not work correctly when cookies are disabled.,"The store will not work correctly when cookies are disabled. El almacenamiento local parece estar deshabilitado en tu navegador. Para obtener la mejor experiencia en nuestro sitio, asegúrese de activar Almacenamiento local en su navegador. Utilizamos cookies para mejorar tu experiencia. Para cumplir con la nueva directiva sobre privacidad electrónica, necesitamos el consentimiento para utilizar tus cookies. Aprende más . Permitir Cookies Encuentra de TOOOOODOOOO y más barato · VER OFERTAS Inicio LECHE SEMIDESCREMADA ANDILAC 900 ML UHT Saltar al final de la galería de imágenes Saltar al comienzo de la galería de imágenes LECHE SEMIDESCREMADA ANDILAC 900 ML UHT En stock 56 Unidades en stock SKU X9MG501-UN Sea el primero en dejar una reseña Detalles: Leche semidescremada 100% leche No necesita refrigeración 90 días de duración Con vitaminas A y D Contenido: 900ml Detalles del producto Reseñas Escribir Su propia reseña Estás revisando: LECHE SEMIDESCREMADA ANDILAC 900 ML UHT Su valoración Rating 1 star 2 stars 3 stars 4 stars 5 stars Apodo Resumen Reseña Escribir una reseña Añadir a la Lista de Deseos Añadir para comparar $0,89 Unds. Agregar al carrito Search engine powered by ElasticSuite",,0.89,,,,unknown,
¡Lo mejor te está esperando!,"¡Lo mejor te está esperando! Descarga la app Departamentos Inicia sesión Ofertas de la semana Listas Alsuper Club Alsuper Alsuper card Estás en Alsuper Plus Leones 90 min Inicio > Despensa > Chocolates Cafés Y Tes > Cafe Soluble Oro 100 G Detalles: Descubre el exquisito sabor del Café Soluble Oro en su presentación de 100 gramos. Disfruta de un café instantáneo de alta calidad, con un sabor intenso y aroma irresistible. Perfecto para esos momentos de pausa y energía. ¡H ... Ver más Cafe Soluble Oro 100 g $69.90 Agregar al carrito Favoritos Agregar a una lista Recomendados $149.90 Cafe Soluble Liofilizado Diamante O... 180 GR Agregar $179.90 $194.90 Cafe Soluble Clãsico Nescafe 300 G 300 GR Agregar $99.90 $109.90 Cafe Soluble Clasico Nescafe 120 G 120 GR Agregar $109.90 Cafe Soluble Dolca 170g 170 GR Agregar $69.90 Cafe Soluble Clasico Nescafe 60 G 60 GR Agregar $66.90 Cafe Soluble Clasico Doypack Clasico... 85 GR Agregar $44.90 $49.90 Cafe Soluble Dolca 46gr 46 GR Agregar $52.90 Cafe Soluble Decaf Descafeinado Ne... 40 GR Agregar $114.90 $134.90 Cafe Soluble Decaf Descafeinado Nes... 120 GR Agregar $149.90 $159.90 Cafe Soluble Reserva Xiapan Nescafe... 180 GR Agregar $39.90 Cafe Soluble Mezclado Con Azucar ... 100 GR Agregar $134.90 Cafe Soluble Gourmet Garat 125 G 125 GR Agregar $124.90 $139.90 Cafe Soluble Nescaf Ice Nescafe 17... 170 GR Agregar $119.90 Cafe Soluble 24 Kilates Oro 160 G 160 GR Agregar $94.90 Cafe Soluble Gourmet Gold Los Port... 85 GR AGOTADO $149.90 $159.90 Cafe Soluble Reserva Verarica Nesc... 180 GR Agregar $64.90 $69.90 Cafe Soluble Dolca 80gr 80 GR Agregar $174.90 Cafe Soluble Gourmet Gold Los Port... 170 GR Agregar $149.90 $159.90 Cafe Soluble Reserva Oahan Nescafe ... 180 GR Agregar $149.90 Cafe Soluble Decaf Sin Cafeina Nesc... 170 GR Agregar $84.90 $99.90 Cafe Soluble De Olla Nescafe 170 G 170 GR Agregar $84.90 Cafe Soluble De Olla Legal 180 G 180 GR Agregar $139.90 $154.90 Cafe Soluble Dolca Nescafe 260 G 260 GR Agregar $34.90 Cafe Solu",,6990,,,,unknown,
The store will not work correctly when cookies are disabled.,"The store will not work correctly when cookies are disabled. El almacenamiento local parece estar deshabilitado en tu navegador. Para obtener la mejor experiencia en nuestro sitio, asegúrese de activar Almacenamiento local en su navegador. Utilizamos cookies para mejorar tu experiencia. Para cumplir con la nueva directiva sobre privacidad electrónica, necesitamos el consentimiento para utilizar tus cookies. Aprende más . Permitir Cookies Encuentra de TOOOOODOOOO y más barato · VER OFERTAS Inicio CERVEZA PERONI NASTRO AZZURRO 330ML Saltar al final de la galería de imágenes Saltar al comienzo de la galería de imágenes CERVEZA PERONI NASTRO AZZURRO 330ML En stock 1 Unidades en stock SKU X960CJB-UN Sea el primero en dejar una reseña Detalles: Cerveza bastante refrescante Se recomienda tomar bien fría Porcentaje de alcohol: 5.1% Color dorado País de origen Italia Incluye 6 Cervezas Contenido: 330ml c/u Detalles del producto Reseñas Escribir Su propia reseña Estás revisando: CERVEZA PERONI NASTRO AZZURRO 330ML Su valoración Rating 1 star 2 stars 3 stars 4 stars 5 stars Apodo Resumen Reseña Escribir una reseña Añadir a la Lista de Deseos Añadir para comparar $2,20 Unds. Agregar al carrito Search engine powered by ElasticSuite",,2.20,,,,unknown,
The store will not work correctly when cookies are disabled.,"The store will not work correctly when cookies are disabled. El almacenamiento local parece estar deshabilitado en tu navegador. Para obtener la mejor experiencia en nuestro sitio, asegúrese de activar Almacenamiento local en su navegador. Utilizamos cookies para mejorar tu experiencia. Para cumplir con la nueva directiva sobre privacidad electrónica, necesitamos el consentimiento para utilizar tus cookies. Aprende más . Permitir Cookies Encuentra de TOOOOODOOOO y más barato · VER OFERTAS Inicio CERVEZA PAULANER HEFE WEISSBIWER 500ML Saltar al final de la galería de imágenes - 15% Saltar al comienzo de la galería de imágenes CERVEZA PAULANER HEFE WEISSBIWER 500ML En stock 16 Unidades en stock SKU X74GV05-UN Sea el primero en dejar una reseña Detalles del producto Reseñas Escribir Su propia reseña Estás revisando: CERVEZA PAULANER HEFE WEISSBIWER 500ML Su valoración Rating 1 star 2 stars 3 stars 4 stars 5 stars Apodo Resumen Reseña Escribir una reseña Añadir a la Lista de Deseos Añadir para comparar $3,23 $3,80 Unds. Agregar al carrito Search engine powered by ElasticSuite",,3.23,,,,unknown,
The store will not work correctly when cookies are disabled.,"The store will not work correctly when cookies are disabled. El almacenamiento local parece estar deshabilitado en tu navegador. Para obtener la mejor experiencia en nuestro sitio, asegúrese de activar Almacenamiento local en su navegador. Utilizamos cookies para mejorar tu experiencia. Para cumplir con la nueva directiva sobre privacidad electrónica, necesitamos el consentimiento para utilizar tus cookies. Aprende más . Permitir Cookies Encuentra de TOOOOODOOOO y más barato · VER OFERTAS Inicio CERVEZA SIX PACK EN LATA HEINEKEN 355ML/4590 Saltar al final de la galería de imágenes - 15% Saltar al comienzo de la galería de imágenes CERVEZA SIX PACK EN LATA HEINEKEN 355ML/4590 En stock 11 Unidades en stock SKU X9607BB-UN Sea el primero en dejar una reseña Detalles: Presentación en lata Incluye 6 cervezas Contenido: 355ml c/u Detalles del producto Reseñas Escribir Su propia reseña Estás revisando: CERVEZA SIX PACK EN LATA HEINEKEN 355ML/4590 Su valoración Rating 1 star 2 stars 3 stars 4 stars 5 stars Apodo Resumen Reseña Escribir una reseña Añadir a la Lista de Deseos Añadir para comparar $6,98 $8,21 Unds. Agregar al carrito Search engine powered by ElasticSuite",,6.98,,,,unknown,
← Volver,← Volver Búsqueda de productos Mostrando todos los resultados 8 Relevancia Ordenar por popularidad Ordenar por los últimos Ordenar por precio: bajo a alto Ordenar por precio: alto a bajo Cerveza PILSENER 355ml $ 0.85 Precio por 100ml $0.24 Añadir al carrito Cerveza gold MARTENS 330ml $ 0.75 Precio por 100ml $0.23 Añadir al carrito Cerveza light PILSENER 355ml $ 0.85 Precio por 100ml $0.24 Añadir al carrito Cerveza premium BLACK BIRD 330ml $ 0.69 Precio x 100ml $0.21 Añadir al carrito Cerveza premium BREDA 330ml $ 0.75 Precio x 100ml $0.23 Añadir al carrito Cerveza premium MARTENS 330ml $ 0.78 Precio por 100ml $0.24 Añadir al carrito Cerveza Platino CLUB 473ml $ 1.09 Precio por 100ml $0.23 Añadir al carrito Cerveza premium light BREDA 330ml $ 0.64 Precio por 100ml $0.19 Añadir al carrito Somos TuTi Nuestras marcas Encuéntranos Revista Trabaja con nosotros Alquila tu local Suscríbete aquí y recibe nuestra revista. Acepto la política de protección de datos. Acepto la política de protección de datos. Síguenos en: Instagram Facebook Linkedin 04-511-4592,,085,,,,unknown,
The store will not work correctly when cookies are disabled.,"The store will not work correctly when cookies are disabled. El almacenamiento local parece estar deshabilitado en tu navegador. Para obtener la mejor experiencia en nuestro sitio, asegúrese de activar Almacenamiento local en su navegador. Utilizamos cookies para mejorar tu experiencia. Para cumplir con la nueva directiva sobre privacidad electrónica, necesitamos el consentimiento para utilizar tus cookies. Aprende más . Permitir Cookies Encuentra de TOOOOODOOOO y más barato · VER OFERTAS Inicio CERVEZA PURA MALTA SIX PACK AMSTEL LAGER/4595 Saltar al final de la galería de imágenes - 15% Saltar al comienzo de la galería de imágenes CERVEZA PURA MALTA SIX PACK AMSTEL LAGER/4595 En stock 1 Unidades en stock SKU X9607Z4-UN Sea el primero en dejar una reseña Detalles: Pura malta Refrescante sabor Incluye 6 Cervezas Contenido: 355ml c/u Detalles del producto Reseñas Escribir Su propia reseña Estás revisando: CERVEZA PURA MALTA SIX PACK AMSTEL LAGER/4595 Su valoración Rating 1 star 2 stars 3 stars 4 stars 5 stars Apodo Resumen Reseña Escribir una reseña Añadir a la Lista de Deseos Añadir para comparar $5,81 $6,83 Unds. Agregar al carrito Search engine powered by ElasticSuite",,5.81,,,,unknown,
The store will not work correctly when cookies are disabled.,"The store will not work correctly when cookies are disabled. El almacenamiento local parece estar deshabilitado en tu navegador. Para obtener la mejor experiencia en nuestro sitio, asegúrese de activar Almacenamiento local en su navegador. Utilizamos cookies para mejorar tu experiencia. Para cumplir con la nueva directiva sobre privacidad electrónica, necesitamos el consentimiento para utilizar tus cookies. Aprende más . Permitir Cookies Encuentra de TOOOOODOOOO y más barato · VER OFERTAS Inicio PAN DE MOLDE BLANCO 550GR 20 REBANADAS3 Saltar al final de la galería de imágenes Saltar al comienzo de la galería de imágenes PAN DE MOLDE BLANCO 550GR 20 REBANADAS3 En stock 45 Unidades en stock SKU X9607EM-UN Sea el primero en dejar una reseña Pan de molde rebanado, suave y esponjoso ideal para sánduches, tostadas. Detalles del producto Información Pan de molde rebanado, suave y esponjoso ideal para sánduches, tostadas. Reseñas Escribir Su propia reseña Estás revisando: PAN DE MOLDE BLANCO 550GR 20 REBANADAS3 Su valoración Rating 1 star 2 stars 3 stars 4 stars 5 stars Apodo Resumen Reseña Escribir una reseña Añadir a la Lista de Deseos Añadir para comparar $1,21 Unds. Agregar al carrito Search engine powered by ElasticSuite",,1.21,,,,unknown,
The store will not work correctly when cookies are disabled.,"The store will not work correctly when cookies are disabled. El almacenamiento local parece estar deshabilitado en tu navegador. Para obtener la mejor experiencia en nuestro sitio, asegúrese de activar Almacenamiento local en su navegador. Utilizamos cookies para mejorar tu experiencia. Para cumplir con la nueva directiva sobre privacidad electrónica, necesitamos el consentimiento para utilizar tus cookies. Aprende más . Permitir Cookies Encuentra de TOOOOODOOOO y más barato · VER OFERTAS Inicio PAN DE HORNO BLANCO ARTESANAL MODERNA 56 Saltar al final de la galería de imágenes Saltar al comienzo de la galería de imágenes PAN DE HORNO BLANCO ARTESANAL MODERNA 56 En stock 4 Unidades en stock SKU X899753-UN Sea el primero en dejar una reseña Pan Molde Moderna Artesanal Blanco Detalles: Pan de horno tipo artesanal. Blanco. Con rodaja ancha y sabor delicioso. Elaborado con Harina de trigo fortificada y Leche. Contenido: 560g. Detalles del producto Reseñas Escribir Su propia reseña Estás revisando: PAN DE HORNO BLANCO ARTESANAL MODERNA 56 Su valoración Rating 1 star 2 stars 3 stars 4 stars 5 stars Apodo Resumen Reseña Escribir una reseña Añadir a la Lista de Deseos Añadir para comparar $2,12 Unds. Agregar al carrito Search engine powered by ElasticSuite",,2.12,,,,unknown,
The store will not work correctly when cookies are disabled.,"The store will not work correctly when cookies are disabled. El almacenamiento local parece estar deshabilitado en tu navegador. Para obtener la mejor experiencia en nuestro sitio, asegúrese de activar Almacenamiento local en su navegador. Utilizamos cookies para mejorar tu experiencia. Para cumplir con la nueva directiva sobre privacidad electrónica, necesitamos el consentimiento para utilizar tus cookies. Aprende más . Permitir Cookies Encuentra de TOOOOODOOOO y más barato · VER OFERTAS Inicio Pan Molde Supan Brioché | 580g Saltar al final de la galería de imágenes Saltar al comienzo de la galería de imágenes Pan Molde Supan Brioché | 580g En stock 6 Unidades en stock SKU XABC070-UN Sea el primero en dejar una reseña Detalles: Pan brioché conleche y huevo Libre de saboresartificiales 18 rebanadas Contenido:580g Detalles del producto Reseñas Escribir Su propia reseña Estás revisando: Pan Molde Supan Brioché | 580g Su valoración Rating 1 star 2 stars 3 stars 4 stars 5 stars Apodo Resumen Reseña Escribir una reseña Añadir a la Lista de Deseos Añadir para comparar $3,08 Unds. Agregar al carrito Search engine powered by ElasticSuite",,3.08,,,,unknown,
The store will not work correctly when cookies are disabled.,"The store will not work correctly when cookies are disabled. El almacenamiento local parece estar deshabilitado en tu navegador. Para obtener la mejor experiencia en nuestro sitio, asegúrese de activar Almacenamiento local en su navegador. Utilizamos cookies para mejorar tu experiencia. Para cumplir con la nueva directiva sobre privacidad electrónica, necesitamos el consentimiento para utilizar tus cookies. Aprende más . Permitir Cookies Encuentra de TOOOOODOOOO y más barato · VER OFERTAS Inicio Cola Tropical Fresa 3785Ml Saltar al final de la galería de imágenes Saltar al comienzo de la galería de imágenes Cola Tropical Fresa 3785Ml En stock 28 Unidades en stock SKU X89122D-UN Sea el primero en dejar una reseña Detalles: Tropical marca de refrescos ecuatorianos Es el refresco de toda la vida en Ecuador Con más de 60 años, solo los buenos sabores duran tanto Tropical marca de refrescos que han llegado a Europa desde Ecuador Refresco de color rojo y sabor dulce Contenido: 3.78 L Detalles del producto Reseñas Escribir Su propia reseña Estás revisando: Cola Tropical Fresa 3785Ml Su valoración Rating 1 star 2 stars 3 stars 4 stars 5 stars Apodo Resumen Reseña Escribir una reseña Añadir a la Lista de Deseos Añadir para comparar $1,97 Unds. Agregar al carrito Search engine powered by ElasticSuite",,1.97,,,,unknown,
The store will not work correctly when cookies are disabled.,"The store will not work correctly when cookies are disabled. El almacenamiento local parece estar deshabilitado en tu navegador. Para obtener la mejor experiencia en nuestro sitio, asegúrese de activar Almacenamiento local en su navegador. Utilizamos cookies para mejorar tu experiencia. Para cumplir con la nueva directiva sobre privacidad electrónica, necesitamos el consentimiento para utilizar tus cookies. Aprende más . Permitir Cookies Encuentra de TOOOOODOOOO y más barato · VER OFERTAS Inicio Cola Tropical Fresa 3785Ml Saltar al final de la galería de imágenes Saltar al comienzo de la galería de imágenes Cola Tropical Fresa 3785Ml En stock 28 Unidades en stock SKU X89122D-UN Sea el primero en dejar una reseña Detalles: Tropical marca de refrescos ecuatorianos Es el refresco de toda la vida en Ecuador Con más de 60 años, solo los buenos sabores duran tanto Tropical marca de refrescos que han llegado a Europa desde Ecuador Refresco de color rojo y sabor dulce Contenido: 3.78 L Detalles del producto Reseñas Escribir Su propia reseña Estás revisando: Cola Tropical Fresa 3785Ml Su valoración Rating 1 star 2 stars 3 stars 4 stars 5 stars Apodo Resumen Reseña Escribir una reseña Añadir a la Lista de Deseos Añadir para comparar $1,97 Unds. Agregar al carrito Search engine powered by ElasticSuite",,1.97,,,,unknown,
¡Lo mejor te está esperando!,"¡Lo mejor te está esperando! Descarga la app Departamentos Inicia sesión Ofertas de la semana Listas Alsuper Club Alsuper Alsuper card Estás en Alsuper Plus Leones 90 min Inicio > Despensa > Chocolates Cafés Y Tes > Cafe Soluble Clasico Nescafe 200 G Detalles: Descubre el sabor clásico y la comodidad del Café Soluble Clásico Nescafé en presentación de 200 gramos. Disfruta de la calidad y el aroma inigualable de Nescafé en cada taza, perfecta para empezar tu día con energía. Este ca ... Ver más Cafe Soluble Clasico Nescafe 200 g $149.90 AGOTADO Favoritos Agregar a una lista Recomendados $149.90 Cafe Soluble Liofilizado Diamante O... 180 GR Agregar $179.90 $194.90 Cafe Soluble Clãsico Nescafe 300 G 300 GR Agregar $99.90 $109.90 Cafe Soluble Clasico Nescafe 120 G 120 GR Agregar $109.90 Cafe Soluble Dolca 170g 170 GR Agregar $69.90 Cafe Soluble Clasico Nescafe 60 G 60 GR Agregar $66.90 Cafe Soluble Clasico Doypack Clasico... 85 GR Agregar $44.90 $49.90 Cafe Soluble Dolca 46gr 46 GR Agregar $52.90 Cafe Soluble Decaf Descafeinado Ne... 40 GR Agregar $114.90 $134.90 Cafe Soluble Decaf Descafeinado Nes... 120 GR Agregar $149.90 $159.90 Cafe Soluble Reserva Xiapan Nescafe... 180 GR Agregar $39.90 Cafe Soluble Mezclado Con Azucar ... 100 GR Agregar $134.90 Cafe Soluble Gourmet Garat 125 G 125 GR Agregar $124.90 $139.90 Cafe Soluble Nescaf Ice Nescafe 17... 170 GR Agregar $119.90 Cafe Soluble 24 Kilates Oro 160 G 160 GR Agregar $94.90 Cafe Soluble Gourmet Gold Los Port... 85 GR AGOTADO $149.90 $159.90 Cafe Soluble Reserva Verarica Nesc... 180 GR Agregar $64.90 $69.90 Cafe Soluble Dolca 80gr 80 GR Agregar $174.90 Cafe Soluble Gourmet Gold Los Port... 170 GR Agregar $149.90 $159.90 Cafe Soluble Reserva Oahan Nescafe ... 180 GR Agregar $149.90 Cafe Soluble Decaf Sin Cafeina Nesc... 170 GR Agregar $84.90 $99.90 Cafe Soluble De Olla Nescafe 170 G 170 GR Agregar $84.90 Cafe Soluble De Olla Legal 180 G 180 GR Agregar $139.90 $154.90 Cafe Soluble Dolca Nescafe 260 G 260 GR Agregar $3",,14990,,,,unknown,
The store will not work correctly when cookies are disabled.,"The store will not work correctly when cookies are disabled. El almacenamiento local parece estar deshabilitado en tu navegador. Para obtener la mejor experiencia en nuestro sitio, asegúrese de activar Almacenamiento local en su navegador. Utilizamos cookies para mejorar tu experiencia. Para cumplir con la nueva directiva sobre privacidad electrónica, necesitamos el consentimiento para utilizar tus cookies. Aprende más . Permitir Cookies Encuentra de TOOOOODOOOO y más barato · VER OFERTAS Inicio COCA COLA ORIGINAL 3050 ML Saltar al final de la galería de imágenes Saltar al comienzo de la galería de imágenes COCA COLA ORIGINAL 3050 ML En stock 51 Unidades en stock SKU X9681KM-UN Sea el primero en dejar una reseña Cola Coca Cola 3.05 L Detalles: Sabor original Contiene edulcorante no calórico Con menos azúcar Contenido: 3.05 L Detalles del producto Reseñas Escribir Su propia reseña Estás revisando: COCA COLA ORIGINAL 3050 ML Su valoración Rating 1 star 2 stars 3 stars 4 stars 5 stars Apodo Resumen Reseña Escribir una reseña Añadir a la Lista de Deseos Añadir para comparar $2,99 Unds. Agregar al carrito Search engine powered by ElasticSuite",,2.99,,,,unknown,
The store will not work correctly when cookies are disabled.,"The store will not work correctly when cookies are disabled. El almacenamiento local parece estar deshabilitado en tu navegador. Para obtener la mejor experiencia en nuestro sitio, asegúrese de activar Almacenamiento local en su navegador. Utilizamos cookies para mejorar tu experiencia. Para cumplir con la nueva directiva sobre privacidad electrónica, necesitamos el consentimiento para utilizar tus cookies. Aprende más . Permitir Cookies Encuentra de TOOOOODOOOO y más barato · VER OFERTAS Inicio Bebida Gaseosa Cola Sprite 3L Saltar al final de la galería de imágenes Saltar al comienzo de la galería de imágenes Bebida Gaseosa Cola Sprite 3L En stock 60 Unidades en stock SKU X89112L-UN Sea el primero en dejar una reseña Cola Sprite Detalles: Bebida gaseosa sin calorías Sabor a lima limón 100% saborizantes naturales Sin azúcar Contenido: 3L Detalles del producto Reseñas Escribir Su propia reseña Estás revisando: Bebida Gaseosa Cola Sprite 3L Su valoración Rating 1 star 2 stars 3 stars 4 stars 5 stars Apodo Resumen Reseña Escribir una reseña Añadir a la Lista de Deseos Añadir para comparar $2,92 Unds. Agregar al carrito Search engine powered by ElasticSuite",,2.92,,,,unknown,
The store will not work correctly when cookies are disabled.,"The store will not work correctly when cookies are disabled. El almacenamiento local parece estar deshabilitado en tu navegador. Para obtener la mejor experiencia en nuestro sitio, asegúrese de activar Almacenamiento local en su navegador. Utilizamos cookies para mejorar tu experiencia. Para cumplir con la nueva directiva sobre privacidad electrónica, necesitamos el consentimiento para utilizar tus cookies. Aprende más . Permitir Cookies Encuentra de TOOOOODOOOO y más barato · VER OFERTAS Inicio Queso Fresco Dulacs 350G Saltar al final de la galería de imágenes Saltar al comienzo de la galería de imágenes Queso Fresco Dulacs 350G En stock 7 Unidades en stock SKU XYL0A01-UN Sea el primero en dejar una reseña Detalles del producto Reseñas Escribir Su propia reseña Estás revisando: Queso Fresco Dulacs 350G Su valoración Rating 1 star 2 stars 3 stars 4 stars 5 stars Apodo Resumen Reseña Escribir una reseña Añadir a la Lista de Deseos Añadir para comparar $3,28 Agregar al carrito Search engine powered by ElasticSuite",,3.28,,,,unknown,
The store will not work correctly when cookies are disabled.,"The store will not work correctly when cookies are disabled. El almacenamiento local parece estar deshabilitado en tu navegador. Para obtener la mejor experiencia en nuestro sitio, asegúrese de activar Almacenamiento local en su navegador. Utilizamos cookies para mejorar tu experiencia. Para cumplir con la nueva directiva sobre privacidad electrónica, necesitamos el consentimiento para utilizar tus cookies. Aprende más . Permitir Cookies Encuentra de TOOOOODOOOO y más barato · VER OFERTAS Inicio Arroz Buscadito Quintal Saltar al final de la galería de imágenes Saltar al comienzo de la galería de imágenes Arroz Buscadito Quintal En stock 5 Unidades en stock SKU X901160-UN Sea el primero en dejar una reseña Detalles del producto Reseñas Escribir Su propia reseña Estás revisando: Arroz Buscadito Quintal Su valoración Rating 1 star 2 stars 3 stars 4 stars 5 stars Apodo Resumen Reseña Escribir una reseña Añadir a la Lista de Deseos Añadir para comparar $55,13 Agregar al carrito Search engine powered by ElasticSuite",,55.13,,,,unknown,
The store will not work correctly when cookies are disabled.,"The store will not work correctly when cookies are disabled. El almacenamiento local parece estar deshabilitado en tu navegador. Para obtener la mejor experiencia en nuestro sitio, asegúrese de activar Almacenamiento local en su navegador. Utilizamos cookies para mejorar tu experiencia. Para cumplir con la nueva directiva sobre privacidad electrónica, necesitamos el consentimiento para utilizar tus cookies. Aprende más . Permitir Cookies Encuentra de TOOOOODOOOO y más barato · VER OFERTAS Inicio Arroz Coral 4Lb Saltar al final de la galería de imágenes Saltar al comienzo de la galería de imágenes Arroz Coral 4Lb En stock 63 Unidades en stock SKU X90115J-UN Sea el primero en dejar una reseña Detalles del producto Reseñas Escribir Su propia reseña Estás revisando: Arroz Coral 4Lb Su valoración Rating 1 star 2 stars 3 stars 4 stars 5 stars Apodo Resumen Reseña Escribir una reseña Añadir a la Lista de Deseos Añadir para comparar $2,25 Agregar al carrito Search engine powered by ElasticSuite",,2.25,,,,unknown,
The store will not work correctly when cookies are disabled.,"The store will not work correctly when cookies are disabled. El almacenamiento local parece estar deshabilitado en tu navegador. Para obtener la mejor experiencia en nuestro sitio, asegúrese de activar Almacenamiento local en su navegador. Utilizamos cookies para mejorar tu experiencia. Para cumplir con la nueva directiva sobre privacidad electrónica, necesitamos el consentimiento para utilizar tus cookies. Aprende más . Permitir Cookies Encuentra de TOOOOODOOOO y más barato · VER OFERTAS Inicio PASTA FUSILLI REGGIA 500G Saltar al final de la galería de imágenes Saltar al comienzo de la galería de imágenes PASTA FUSILLI REGGIA 500G En stock 12 Unidades en stock SKU X9301CJ-UN Sea el primero en dejar una reseña Detalles: Tipo de pasta: Fusilli Número 98 Elaborado con sémola de trigo duro Gran fuente de energía Enriquecido con hierro y vitamina B Bajo índice glucémico Cocción en 11 minutos Contenido: 500g Detalles del producto Reseñas Escribir Su propia reseña Estás revisando: PASTA FUSILLI REGGIA 500G Su valoración Rating 1 star 2 stars 3 stars 4 stars 5 stars Apodo Resumen Reseña Escribir una reseña Añadir a la Lista de Deseos Añadir para comparar $1,75 Unds. Agregar al carrito Search engine powered by ElasticSuite",,1.75,,,,unknown,
The store will not work correctly when cookies are disabled.,"The store will not work correctly when cookies are disabled. El almacenamiento local parece estar deshabilitado en tu navegador. Para obtener la mejor experiencia en nuestro sitio, asegúrese de activar Almacenamiento local en su navegador. Utilizamos cookies para mejorar tu experiencia. Para cumplir con la nueva directiva sobre privacidad electrónica, necesitamos el consentimiento para utilizar tus cookies. Aprende más . Permitir Cookies Encuentra de TOOOOODOOOO y más barato · VER OFERTAS Inicio PASTA CRAVATTINE N60 LAZITO-3 Saltar al final de la galería de imágenes Saltar al comienzo de la galería de imágenes PASTA CRAVATTINE N60 LAZITO-3 En stock 4 Unidades en stock SKU XYP036A-UN Sea el primero en dejar una reseña Detalles del producto Reseñas Escribir Su propia reseña Estás revisando: PASTA CRAVATTINE N60 LAZITO-3 Su valoración Rating 1 star 2 stars 3 stars 4 stars 5 stars Apodo Resumen Reseña Escribir una reseña Añadir a la Lista de Deseos Añadir para comparar $3,41 Agregar al carrito Search engine powered by ElasticSuite",,3.41,,,,unknown,
The store will not work correctly when cookies are disabled.,"The store will not work correctly when cookies are disabled. El almacenamiento local parece estar deshabilitado en tu navegador. Para obtener la mejor experiencia en nuestro sitio, asegúrese de activar Almacenamiento local en su navegador. Utilizamos cookies para mejorar tu experiencia. Para cumplir con la nueva directiva sobre privacidad electrónica, necesitamos el consentimiento para utilizar tus cookies. Aprende más . Permitir Cookies Encuentra de TOOOOODOOOO y más barato · VER OFERTAS Inicio Fideo Spaguetti Tomebamba 200G Saltar al final de la galería de imágenes Saltar al comienzo de la galería de imágenes Fideo Spaguetti Tomebamba 200G En stock 26 Unidades en stock SKU XY8F13W-UN Sea el primero en dejar una reseña Detalles del producto Reseñas Escribir Su propia reseña Estás revisando: Fideo Spaguetti Tomebamba 200G Su valoración Rating 1 star 2 stars 3 stars 4 stars 5 stars Apodo Resumen Reseña Escribir una reseña Añadir a la Lista de Deseos Añadir para comparar $0,41 Agregar al carrito Search engine powered by ElasticSuite",,0.41,,,,unknown,
The store will not work correctly when cookies are disabled.,"The store will not work correctly when cookies are disabled. El almacenamiento local parece estar deshabilitado en tu navegador. Para obtener la mejor experiencia en nuestro sitio, asegúrese de activar Almacenamiento local en su navegador. Utilizamos cookies para mejorar tu experiencia. Para cumplir con la nueva directiva sobre privacidad electrónica, necesitamos el consentimiento para utilizar tus cookies. Aprende más . Permitir Cookies Encuentra de TOOOOODOOOO y más barato · VER OFERTAS Inicio Azucar Blanca Valdez 1Kg Saltar al final de la galería de imágenes Saltar al comienzo de la galería de imágenes Azucar Blanca Valdez 1Kg En stock 71 Unidades en stock SKU XY0002H-UN Sea el primero en dejar una reseña Detalles: Azúcar blanca granulada Obtenido directamente del jugo de la caña de azúcar Contenido: 1 kg Detalles del producto Reseñas Escribir Su propia reseña Estás revisando: Azucar Blanca Valdez 1Kg Su valoración Rating 1 star 2 stars 3 stars 4 stars 5 stars Apodo Resumen Reseña Escribir una reseña Añadir a la Lista de Deseos Añadir para comparar $1,16 Unds. Agregar al carrito Search engine powered by ElasticSuite",,1.16,,,,unknown,
The store will not work correctly when cookies are disabled.,"The store will not work correctly when cookies are disabled. El almacenamiento local parece estar deshabilitado en tu navegador. Para obtener la mejor experiencia en nuestro sitio, asegúrese de activar Almacenamiento local en su navegador. Utilizamos cookies para mejorar tu experiencia. Para cumplir con la nueva directiva sobre privacidad electrónica, necesitamos el consentimiento para utilizar tus cookies. Aprende más . Permitir Cookies Encuentra de TOOOOODOOOO y más barato · VER OFERTAS Inicio Azucar Blanca Monterrey 1Kg Saltar al final de la galería de imágenes Saltar al comienzo de la galería de imágenes Azucar Blanca Monterrey 1Kg En stock 101 Unidades en stock SKU X9G017W-UN Sea el primero en dejar una reseña Detalles del producto Reseñas Escribir Su propia reseña Estás revisando: Azucar Blanca Monterrey 1Kg Su valoración Rating 1 star 2 stars 3 stars 4 stars 5 stars Apodo Resumen Reseña Escribir una reseña Añadir a la Lista de Deseos Añadir para comparar $1,12 Agregar al carrito Search engine powered by ElasticSuite",,1.12,,,,unknown,
¡Lo mejor te está esperando!,¡Lo mejor te está esperando! Descarga la app Departamentos Inicia sesión Ofertas de la semana Listas Alsuper Club Alsuper Alsuper card Estás en Alsuper Plus Leones 90 min Inicio > Despensa > Chocolates Cafés Y Tes > Cafe Instantaneo Folgers 226 G Detalles: Disfruta del sabor y aroma del café en cualquier momento con el Café Instantáneo Folgers en su presentación de 226 gramos. Este café instantáneo de alta calidad está elaborado con granos seleccionados y tostados con esmero pa ... Ver más Cafe Instantaneo Folgers 226 G $224.90 $244.90 Agregar al carrito Favoritos Agregar a una lista Recomendados $139.90 Cafe Soluble Moka & Chocolate Mix ... 224 GR Agregar $57.90 $65.90 Sustituto De Crema Liquido Para Cafe... 680 ML Agregar $179.90 $194.90 Cafe Soluble Clãsico Nescafe 300 G 300 GR Agregar $99.90 $109.90 Cafe Soluble Clasico Nescafe 120 G 120 GR Agregar $72.90 Cafe Molido Tostado Con Azucar Comb... 250 GR Agregar $34.90 $39.90 Filtros Para Cafetera 100 Pzs Brew... 100 PZ Agregar $109.90 Cafe Soluble Dolca 170g 170 GR Agregar $69.90 Cafe Soluble Clasico Nescafe 60 G 60 GR Agregar $66.90 Cafe Soluble Clasico Doypack Clasico... 85 GR Agregar $39.90 Cafe Con Leche Uht Lala 960 Ml 960 ML Agregar $44.90 $49.90 Cafe Soluble Dolca 46gr 46 GR Agregar $52.90 Cafe Soluble Decaf Descafeinado Ne... 40 GR Agregar $169.90 Cafe Molido Lavado De Altura Combat... 500 GR Agregar $139.90 Cafe Molido Gourmet Cafe Mexicano 4... 400 GR Agregar $114.90 $134.90 Cafe Soluble Decaf Descafeinado Nes... 120 GR Agregar $32.90 $36.90 Cafe Vainilla Ole 281 Ml 281 ML Agregar $149.90 $159.90 Cafe Soluble Reserva Xiapan Nescafe... 180 GR Agregar $74.90 Cafe Molido Con Azucar Combate 250 ... 250 GR Agregar $39.90 Cafe Soluble Mezclado Con Azucar ... 100 GR Agregar $189.90 Cafe Molido Tostado La Parroquia 50... 500 GR Agregar $134.90 Cafe Soluble Gourmet Garat 125 G 125 GR Agregar $124.90 $139.90 Cafe Soluble Nescaf Ice Nescafe 17... 170 GR Agregar $119.90 Cafe Soluble 24 Kilates Oro 160 G 160 GR Agreg,,22490,,,,unknown,
1340,,,,,,,unknown,
The store will not work correctly in the case when cookies are disabled.,"The store will not work correctly in the case when cookies are disabled. Inicio LECHE VITA 900 ML ENTERA Sea el primero en dejar una reseña para este artículo Comparar VITA LECHE VITA 900 ML ENTERA Agregar a lista SKU 330701000 Decrease the quantity Increase the quantity Añadir al carrito ¿Cómo le gustaría que le enviaran su artículo? Entrega a Domicilio No disponible para este producto Cambiar dirección Retiro en Tienda Tia Centro Recibelo el martes 7/10/2025 en CENTRO Cambiar Tienda Envío Express Recíbelo el martes 7/10/2025 en Ecuador, Guayas, Guayaquil Cambiar dirección Tu forma de pago CrediTia Tarjeta - Efectivo Elige tus cuotas a diferir 1 $0,97 Ver detalle de financiamiento $0,97 Skip to the end of the images gallery Skip to the beginning of the images gallery Información Ficha técnica Información LECHE VITA 900 ML ENTERA Ficha técnica Leche Vita funda 900 ml entera LECHE VITA 900 ML ENTERA $0,97 Decrease the quantity Increase the quantity Añadir al carrito ¿Deseas recibir notificaciones? Remind me later Permitir Thank you! Please check your email inbox to confirm. Oops! Notifications are disabled.",,0.97,,,,unknown,
The store will not work correctly in the case when cookies are disabled.,"The store will not work correctly in the case when cookies are disabled. Inicio LECHE TONI TETRABRIK 1 L ENTERA Sea el primero en dejar una reseña para este artículo Comparar TONI LECHE TONI TETRABRIK 1 L ENTERA Agregar a lista SKU 337906000 Decrease the quantity Increase the quantity Añadir al carrito ¿Cómo le gustaría que le enviaran su artículo? Entrega a Domicilio No disponible para este producto Cambiar dirección Retiro en Tienda Tia Centro Recibelo el martes 7/10/2025 en CENTRO Cambiar Tienda Envío Express Recíbelo el martes 7/10/2025 en Ecuador, Guayas, Guayaquil Cambiar dirección Tu forma de pago CrediTia Tarjeta - Efectivo Elige tus cuotas a diferir 1 $1,45 Ver detalle de financiamiento $1,45 Skip to the end of the images gallery Skip to the beginning of the images gallery Información Ficha técnica Información LECHE TONI TETRABRIK 1 L ENTERA Ficha técnica Leche Toni Tetra Brik 1 L Entera LECHE TONI TETRABRIK 1 L ENTERA $1,45 Decrease the quantity Increase the quantity Añadir al carrito ¿Deseas recibir notificaciones? Remind me later Permitir Thank you! Please check your email inbox to confirm. Oops! Notifications are disabled.",,1.45,,,,unknown,
The store will not work correctly in the case when cookies are disabled.,"The store will not work correctly in the case when cookies are disabled. Inicio LECHE LA LECHERA TETRABRIK 1 L ENTERA Sea el primero en dejar una reseña para este artículo Comparar LA LECHERA LECHE LA LECHERA TETRABRIK 1 L ENTERA Agregar a lista SKU 337209001 Decrease the quantity Increase the quantity Añadir al carrito ¿Cómo le gustaría que le enviaran su artículo? Entrega a Domicilio No disponible para este producto Cambiar dirección Retiro en Tienda Tia Centro Recibelo el martes 7/10/2025 en CENTRO Cambiar Tienda Envío Express Recíbelo el martes 7/10/2025 en Ecuador, Guayas, Guayaquil Cambiar dirección Tu forma de pago CrediTia Tarjeta - Efectivo Elige tus cuotas a diferir 1 $1,39 Ver detalle de financiamiento $1,39 Skip to the end of the images gallery Skip to the beginning of the images gallery Información Ficha técnica Información LECHE LA LECHERA TETRABRIK 1 L ENTERA Ficha técnica Leche entera larga vida UHT La Lechera®. Fortificada con Vitamina D, que ayuda a la absorción del calcio. Sin conservantes añadidos, fuente de calcio. LECHE LA LECHERA TETRABRIK 1 L ENTERA $1,39 Decrease the quantity Increase the quantity Añadir al carrito ¿Deseas recibir notificaciones? Remind me later Permitir Thank you! Please check your email inbox to confirm. Oops! Notifications are disabled.",,1.39,,,,unknown,
The store will not work correctly in the case when cookies are disabled.,"The store will not work correctly in the case when cookies are disabled. Inicio LECHE PARMALAT 900 ML ENTERA Sea el primero en dejar una reseña para este artículo Comparar PARMALAT LECHE PARMALAT 900 ML ENTERA Agregar a lista SKU 330526000 Decrease the quantity Increase the quantity Añadir al carrito ¿Cómo le gustaría que le enviaran su artículo? Entrega a Domicilio No disponible para este producto Cambiar dirección Retiro en Tienda Tia Centro Recibelo el martes 7/10/2025 en CENTRO Cambiar Tienda Envío Express Recíbelo el martes 7/10/2025 en Ecuador, Guayas, Guayaquil Cambiar dirección Tu forma de pago CrediTia Tarjeta - Efectivo Elige tus cuotas a diferir 1 $0,99 Ver detalle de financiamiento $0,99 Skip to the end of the images gallery Skip to the beginning of the images gallery Información Ficha técnica Información LECHE PARMALAT 900 ML ENTERA Ficha técnica Leche Parmalat 900 ml entera LECHE PARMALAT 900 ML ENTERA $0,99 Decrease the quantity Increase the quantity Añadir al carrito ¿Deseas recibir notificaciones? Remind me later Permitir Thank you! Please check your email inbox to confirm. Oops! Notifications are disabled.",,0.99,,,,unknown,
The store will not work correctly in the case when cookies are disabled.,"The store will not work correctly in the case when cookies are disabled. Inicio CERVEZA BIELA RESERVA LATA 355 ML Sea el primero en dejar una reseña para este artículo Comparar BIELA CERVEZA BIELA RESERVA LATA 355 ML Agregar a lista SKU 243131000 Decrease the quantity Increase the quantity Añadir al carrito ¿Cómo le gustaría que le enviaran su artículo? Entrega a Domicilio No disponible para este producto Cambiar dirección Retiro en Tienda Tia Centro No disponible para este producto Cambiar Tienda Envío Express No disponible para este producto Cambiar dirección Tu forma de pago CrediTia Tarjeta - Efectivo Elige tus cuotas a diferir 1 $1,00 Ver detalle de financiamiento $1,00 Skip to the end of the images gallery Skip to the beginning of the images gallery Información Información CERVEZA BIELA RESERVA LATA 355 ML CERVEZA BIELA RESERVA LATA 355 ML $1,00 Decrease the quantity Increase the quantity Añadir al carrito ¿Deseas recibir notificaciones? Remind me later Permitir Thank you! Please check your email inbox to confirm. Oops! Notifications are disabled.",,1.00,,,,unknown,
The store will not work correctly in the case when cookies are disabled.,"The store will not work correctly in the case when cookies are disabled. Inicio CERVEZA CORONITA EXTRA 210 ML Sea el primero en dejar una reseña para este artículo Comparar CORONITA CERVEZA CORONITA EXTRA 210 ML Agregar a lista SKU 243288000 Decrease the quantity Increase the quantity Añadir al carrito ¿Cómo le gustaría que le enviaran su artículo? Entrega a Domicilio No disponible para este producto Cambiar dirección Retiro en Tienda Tia Centro No disponible para este producto Cambiar Tienda Envío Express No disponible para este producto Cambiar dirección Tu forma de pago CrediTia Tarjeta - Efectivo Elige tus cuotas a diferir 1 $1,18 Ver detalle de financiamiento $1,18 Skip to the end of the images gallery Skip to the beginning of the images gallery Información Información CERVEZA CORONITA EXTRA 210 ML CERVEZA CORONITA EXTRA 210 ML $1,18 Decrease the quantity Increase the quantity Añadir al carrito ¿Deseas recibir notificaciones? Remind me later Permitir Thank you! Please check your email inbox to confirm. Oops! Notifications are disabled.",,1.18,,,,unknown,
The store will not work correctly in the case when cookies are disabled.,"The store will not work correctly in the case when cookies are disabled. Inicio CERVEZA CLUB PLATINO 330 ML Sea el primero en dejar una reseña para este artículo CLUB CERVEZA CLUB PLATINO 330 ML Notificarme cuando este producto vuelva a stock Agregar a lista SKU 243122000 ¿Cómo le gustaría que le enviaran su artículo? Entrega a Domicilio No disponible para este producto Cambiar dirección Retiro en Tienda Tia Centro No disponible para este producto Cambiar Tienda Envío Express No disponible para este producto Cambiar dirección Tu forma de pago CrediTia Tarjeta - Efectivo Elige tus cuotas a diferir 1 $1,45 Ver detalle de financiamiento $1,45 Skip to the end of the images gallery Skip to the beginning of the images gallery Información Ficha técnica Información CERVEZA CLUB PLATINO 330 ML Ficha técnica Cerveza tipo Lager, 100% malta, sabor extra fino. CERVEZA CLUB PLATINO 330 ML $1,45 Decrease the quantity Increase the quantity Añadir al carrito ¿Deseas recibir notificaciones? Remind me later Permitir Thank you! Please check your email inbox to confirm. Oops! Notifications are disabled.",,1.45,,,,unknown,
The store will not work correctly in the case when cookies are disabled.,"The store will not work correctly in the case when cookies are disabled. Inicio CERVEZA PILSENER LATA 355 ML Sea el primero en dejar una reseña para este artículo Comparar PILSENER CERVEZA PILSENER LATA 355 ML Agregar a lista SKU 243291000 Decrease the quantity Increase the quantity Añadir al carrito ¿Cómo le gustaría que le enviaran su artículo? Entrega a Domicilio No disponible para este producto Cambiar dirección Retiro en Tienda Tia Centro No disponible para este producto Cambiar Tienda Envío Express No disponible para este producto Cambiar dirección Tu forma de pago CrediTia Tarjeta - Efectivo Elige tus cuotas a diferir 1 $0,99 Ver detalle de financiamiento $0,99 Skip to the end of the images gallery Skip to the beginning of the images gallery Información Información CERVEZA PILSENER LATA 355 ML CERVEZA PILSENER LATA 355 ML $0,99 Decrease the quantity Increase the quantity Añadir al carrito ¿Deseas recibir notificaciones? Remind me later Permitir Thank you! Please check your email inbox to confirm. Oops! Notifications are disabled.",,0.99,,,,unknown,
The store will not work correctly in the case when cookies are disabled.,"The store will not work correctly in the case when cookies are disabled. Inicio CERVEZA AMSTEL LATA 355 ML Sea el primero en dejar una reseña para este artículo Comparar AMSTEL CERVEZA AMSTEL LATA 355 ML Agregar a lista SKU 242883000 Decrease the quantity Increase the quantity Añadir al carrito ¿Cómo le gustaría que le enviaran su artículo? Entrega a Domicilio No disponible para este producto Cambiar dirección Retiro en Tienda Tia Centro No disponible para este producto Cambiar Tienda Envío Express No disponible para este producto Cambiar dirección Tu forma de pago CrediTia Tarjeta - Efectivo Elige tus cuotas a diferir 1 $1,20 Ver detalle de financiamiento $1,20 Skip to the end of the images gallery Skip to the beginning of the images gallery Información Información CERVEZA AMSTEL LATA 355 ML CERVEZA AMSTEL LATA 355 ML $1,20 Decrease the quantity Increase the quantity Añadir al carrito ¿Deseas recibir notificaciones? Remind me later Permitir Thank you! Please check your email inbox to confirm. Oops! Notifications are disabled.",,1.20,,,,unknown,
¡Lo mejor te está esperando!,"¡Lo mejor te está esperando! Descarga la app Departamentos Inicia sesión Ofertas de la semana Listas Alsuper Club Alsuper Alsuper card Estás en Alsuper Plus Leones 90 min Inicio > Despensa > Chocolates Cafés Y Tes > Cafe Tostado Y Molido Gourmet Combate 250 Gr Detalles: Disfruta de una taza de café excepcional con nuestro Café Tostado y Molido Gourmet Combate de 250 gramos. Este café de alta calidad es perfecto para tu despensa, ofreciendo un sabor y aroma únicos en cada sorbo. Experimenta e ... Ver más Cafe Tostado Y Molido Gourmet Combate 250 Gr $114.90 Agregar al carrito Favoritos Agregar a una lista Recomendados $329.90 Cafe Tostado Y Molido De Altura Cafe... 908 GR Agregar $187.90 $199.90 Cafe Tostado Y Molido Medio Costa 5... 500 GR Agregar $109.90 $119.90 Cafe Tostado Y Molido Medio Costa 2... 250 GR Agregar $294.90 Cafe Tostado Y Molido Gourmet Cafe ... 908 GR Agregar $159.90 $189.90 Cafe Tostado Y Molido Clasico Folge... 272 GR Agregar $129.90 $139.90 Cafe Tostado Y Molido Avellana Gara... 250 GR Agregar $114.90 Cafe Tostado Y Molido Gourmet Comba... 250 GR Agregar $149.90 Café Tostado Y Molido Gourmet House ... 380 GR Agregar $129.90 $139.90 Cafe Tostado Y Molido Vainilla Franc... 250 GR Agregar $389.90 Cafe Tostado Y Molido Mediano Cafe ... 908 GR Agregar $159.90 Cafe Tostado Molido Tradicional Los... 340 GR Agregar $129.90 $139.90 Cafe Tostado Y Molido Crema Irlandes... 250 GR Agregar $159.90 Café Tostado Y Molido Gourmet House ... 380 GR Agregar $169.90 Cafe Puro Tostado Y Molido Gourmet R... 300 GR Agregar $154.90 Cafe Tostado Y Molido Americano Int... 400 GR Agregar $209.90 Cafe Tostado Y Molido Volcan Fuerte ... 250 GR Agregar $449.90 Cafe Tostado En Grano Antioquia Bal... 454 GR Agregar $186.90 Cafe Tostado Molido Gourmet 52 True... 250 GR Agregar $239.90 Cafe Tostado Molido Deluxe 52 True ... 250 GR Agregar $189.90 Cafe Tostado Y Molido Crema E Gusto ... 250 GR Agregar $329.90 Cafe Tostado Y Molido Dolcevita Lav... 340 GR Agregar -76% $57.90 $233.9",,11490,,,,unknown,
The store will not work correctly in the case when cookies are disabled.,"The store will not work correctly in the case when cookies are disabled. Inicio PAN MOLDE BLANCO SUPAN 550 G Sea el primero en dejar una reseña para este artículo Comparar SUPAN PAN MOLDE BLANCO SUPAN 550 G Agregar a lista SKU 251676000 Decrease the quantity Increase the quantity Añadir al carrito ¿Cómo le gustaría que le enviaran su artículo? Entrega a Domicilio No disponible para este producto Cambiar dirección Retiro en Tienda Tia Centro Recibelo el martes 7/10/2025 en CENTRO Cambiar Tienda Envío Express Recíbelo el martes 7/10/2025 en Ecuador, Guayas, Guayaquil Cambiar dirección Tu forma de pago CrediTia Tarjeta - Efectivo Elige tus cuotas a diferir 1 $1,56 Ver detalle de financiamiento $1,56 Skip to the end of the images gallery Skip to the beginning of the images gallery Información Información PAN MOLDE BLANCO SUPAN 550 G PAN MOLDE BLANCO SUPAN 550 G $1,56 Decrease the quantity Increase the quantity Añadir al carrito ¿Deseas recibir notificaciones? Remind me later Permitir Thank you! Please check your email inbox to confirm. Oops! Notifications are disabled.",,1.56,,,,unknown,
The store will not work correctly in the case when cookies are disabled.,"The store will not work correctly in the case when cookies are disabled. Inicio PAN MOLDE BLANCO FLOR DE ORO 550 G Sea el primero en dejar una reseña para este artículo Comparar FLOR DE ORO PAN MOLDE BLANCO FLOR DE ORO 550 G Agregar a lista SKU 251781000 Decrease the quantity Increase the quantity Añadir al carrito No hay métodos disponibles en este momento. Por favor, inténtelo de nuevo más tarde. Tu forma de pago CrediTia Tarjeta - Efectivo Elige tus cuotas a diferir 1 $1,05 Ver detalle de financiamiento $1,05 Skip to the end of the images gallery Skip to the beginning of the images gallery Información Información PAN MOLDE BLANCO FLOR DE ORO 550 G PAN MOLDE BLANCO FLOR DE ORO 550 G $1,05 Decrease the quantity Increase the quantity Añadir al carrito ¿Deseas recibir notificaciones? Remind me later Permitir Thank you! Please check your email inbox to confirm. Oops! Notifications are disabled.",,1.05,,,,unknown,
The store will not work correctly in the case when cookies are disabled.,"The store will not work correctly in the case when cookies are disabled. Inicio PAN MOLDE BLANCO MODERNA 550 G Sea el primero en dejar una reseña para este artículo Comparar MODERNA PAN MOLDE BLANCO MODERNA 550 G Agregar a lista SKU 251628000 Decrease the quantity Increase the quantity Añadir al carrito ¿Cómo le gustaría que le enviaran su artículo? Entrega a Domicilio No disponible para este producto Cambiar dirección Retiro en Tienda Tia Centro Recibelo el martes 7/10/2025 en CENTRO Cambiar Tienda Envío Express Recíbelo el martes 7/10/2025 en Ecuador, Guayas, Guayaquil Cambiar dirección Tu forma de pago CrediTia Tarjeta - Efectivo Elige tus cuotas a diferir 1 $1,59 Ver detalle de financiamiento $1,59 Skip to the end of the images gallery Skip to the beginning of the images gallery Información Ficha técnica Información PAN MOLDE BLANCO MODERNA 550 G Ficha técnica Pan molde blanco Moderna 550 g PAN MOLDE BLANCO MODERNA 550 G $1,59 Decrease the quantity Increase the quantity Añadir al carrito ¿Deseas recibir notificaciones? Remind me later Permitir Thank you! Please check your email inbox to confirm. Oops! Notifications are disabled.",,1.59,,,,unknown,
The store will not work correctly in the case when cookies are disabled.,"The store will not work correctly in the case when cookies are disabled. Inicio Resultados de búsqueda para: 'pan molde ta riko 450 g n 259628000' Resultados de búsqueda para: 'pan molde ta riko 450 g n 259628000' Ver como Cuadrícula Lista Artículos 1 - 12 de 1881 CrediTia Tarjeta - Efectivo Ordenar por Nombre del Producto Más vendidos En mis listas Más nuevos Mejor descuento Más populares Precio Fabricante Precio: Menor a mayor Precio: Mayor a menor Relevancia En sentido ascendente Querías decir pan molde ta riko 450 g n 257628000 pan molde ta rojo 450 g n 259628000 Búsquedas relacionadas Molde De Silicona P/Waffle 18 Cm Home Club Surtido Ref 1317 Pañales para bebes de 1 mes pañales para bebes de 1 mas pañales para bebes de 1 mesa molde de aluminio para cake 30 cm indalum 122237000 0 PAN MOLDE TA'RIKO 500 G INTEGRAL N Marca TARIKO Precio Especial $1,45 Precio Especial $1,45 Agregar 0 PAN MOLDE SIN CORTEZA TA'RIKO 450 G Marca TARIKO Precio Especial $1,99 Precio Especial $1,99 Agregar 0 PAN MOLDE BLANCO ARTESANAL SIN CORTEZA BIMBO 450 G Marca BIMBO Precio Especial $2,99 Precio Especial $2,99 Agregar 0 PAN MOLDE CHOCOPAN MODERNA 450 G Marca MODERNA Precio Especial $2,45 Precio Especial $2,45 Agregar 0 PAN MOLDE SANDUCHERO MODERNA 800 G INTEGRAL Marca MODERNA Precio Especial $2,69 Precio Especial $2,69 Agregar 0 PAN MOLDE BLANCO MODERNA 550 G Marca MODERNA Precio Especial $1,59 Precio Especial $1,59 Agregar 0 PAN MOLDE BLANCO SUPAN 550 G Marca SUPAN Precio Especial $1,56 Precio Especial $1,56 Agregar 0 PAN MOLDE SANDUCHERO MODERNA 800 G Marca MODERNA Precio Especial $2,19 Precio Especial $2,19 Agregar 0 PAN MOLDE BLANCO FLOR DE ORO 550 G Marca FLOR DE ORO Precio Especial $1,05 Precio Especial $1,05 Agregar 0 PAN MEDIO MOLDE MODERNA 350 G INTEGRAL Marca MODERNA Precio Especial $1,49 Precio Especial $1,49 Agregar 0 PAN DE MOLDE DOBLE FIBRA MODERNA 650 G INTEGRAL Marca MODERNA Precio Especial $2,35 Precio Especial $2,35 Agregar 0 PAN MOLDE MODERNA GOURMET 500 G MANZANA Y ",,1.45,,,,unknown,
The store will not work correctly in the case when cookies are disabled.,"The store will not work correctly in the case when cookies are disabled. Inicio Resultados de búsqueda para: 'pan molde mas ahorro 550 g 259789000' Resultados de búsqueda para: 'pan molde mas ahorro 550 g 259789000' Ver como Cuadrícula Lista Artículos 1 - 12 de 2047 CrediTia Tarjeta - Efectivo Ordenar por Nombre del Producto Más vendidos En mis listas Más nuevos Mejor descuento Más populares Precio Fabricante Precio: Menor a mayor Precio: Mayor a menor Relevancia En sentido ascendente Querías decir pan molde mas ahorro 550 g 259689000 pan molde mas ahorro 550 g 259699000 Búsquedas relacionadas Molde De Silicona P/Waffle 18 Cm Home Club Surtido Ref 1317 pañales para bebes de 1 mas masa para empanadas mas ahorro 50 g 259509000 pañales para bebes de 1 mesa masa p empanadas ref masas 540 g 271053000 0 PAN MOLDE BLANCO ALIADA EN TU AHORRO 550 G Marca ALIADA EN TU AHORRO Precio Especial $0,78 Precio Especial $0,78 Agregar 0 PAN MOLDE BLANCO MODERNA 550 G Marca MODERNA Precio Especial $1,59 Precio Especial $1,59 Agregar 0 PAN MOLDE BLANCO SUPAN 550 G Marca SUPAN Precio Especial $1,56 Precio Especial $1,56 Agregar 0 PAN MOLDE BLANCO FLOR DE ORO 550 G Marca FLOR DE ORO Precio Especial $1,05 Precio Especial $1,05 Agregar 0 PAN DE DULCE MAS AHORRO 220 G Marca MAS AHORRO Precio Especial $0,80 Precio Especial $0,80 Agregar 0 PAN PARA HAMBURGUESA MAS AHORRO 230 G Marca MAS AHORRO Precio Especial $0,69 Precio Especial $0,69 Agregar 0 PAN PARA HOT DOG MAS AHORRO 160 G Marca MAS AHORRO Precio Especial $0,55 Precio Especial $0,55 Agregar 0 PAN MOLDE ALIADA EN TU AHORRO 600 G INTEGRAL Marca ALIADA EN TU AHORRO Precio Especial $1,05 Precio Especial $1,05 Agregar 0 PAN MOLDE SANDUCHERO MODERNA 800 G INTEGRAL Marca MODERNA Precio Especial $2,69 Precio Especial $2,69 Agregar 0 GRANOLA MAS AHORRO 340 G Marca MAS AHORRO Precio Especial $1,59 Precio Especial $1,59 Agregar 0 PAN MOLDE SANDUCHERO MODERNA 800 G Marca MODERNA Precio Especial $2,19 Precio Especial $2,19 Agregar 0 FREJOL PANAMITO ",,0.78,,,,unknown,
The store will not work correctly in the case when cookies are disabled.,"The store will not work correctly in the case when cookies are disabled. Inicio COLA ORANGINE 3000 ML MANZANA Sea el primero en dejar una reseña para este artículo Comparar ORANGINE COLA ORANGINE 3000 ML MANZANA Agregar a lista SKU 247101001 Decrease the quantity Increase the quantity Añadir al carrito No hay métodos disponibles en este momento. Por favor, inténtelo de nuevo más tarde. Tu forma de pago CrediTia Tarjeta - Efectivo Elige tus cuotas a diferir 1 $1,55 Ver detalle de financiamiento $1,55 Skip to the end of the images gallery Skip to the beginning of the images gallery Información Ficha técnica Información COLA ORANGINE 3000 ML MANZANA Ficha técnica Cola Orangine 3000 Ml Manzana COLA ORANGINE 3000 ML MANZANA $1,55 Decrease the quantity Increase the quantity Añadir al carrito ¿Deseas recibir notificaciones? Remind me later Permitir Thank you! Please check your email inbox to confirm. Oops! Notifications are disabled.",,1.55,,,,unknown,
The store will not work correctly in the case when cookies are disabled.,"The store will not work correctly in the case when cookies are disabled. Inicio COLA FANTA 500 ML NARANJA Sea el primero en dejar una reseña para este artículo Comparar FANTA COLA FANTA 500 ML NARANJA Agregar a lista SKU 247234000 Decrease the quantity Increase the quantity Añadir al carrito ¿Cómo le gustaría que le enviaran su artículo? Entrega a Domicilio No disponible para este producto Cambiar dirección Retiro en Tienda Tia Centro Recibelo el martes 7/10/2025 en CENTRO Cambiar Tienda Envío Express Recíbelo el martes 7/10/2025 en Ecuador, Guayas, Guayaquil Cambiar dirección Tu forma de pago CrediTia Tarjeta - Efectivo Elige tus cuotas a diferir 1 $0,49 Ver detalle de financiamiento $0,49 Skip to the end of the images gallery Skip to the beginning of the images gallery Información Información COLA FANTA 500 ML NARANJA COLA FANTA 500 ML NARANJA $0,49 Decrease the quantity Increase the quantity Añadir al carrito ¿Deseas recibir notificaciones? Remind me later Permitir Thank you! Please check your email inbox to confirm. Oops! Notifications are disabled.",,0.49,,,,unknown,
The store will not work correctly in the case when cookies are disabled.,"The store will not work correctly in the case when cookies are disabled. Inicio COLA SPRITE 1.35 L Sea el primero en dejar una reseña para este artículo Comparar SPRITE COLA SPRITE 1.35 L Agregar a lista SKU 247095000 Decrease the quantity Increase the quantity Añadir al carrito ¿Cómo le gustaría que le enviaran su artículo? Entrega a Domicilio No disponible para este producto Cambiar dirección Retiro en Tienda Tia Centro Recibelo el martes 7/10/2025 en CENTRO Cambiar Tienda Envío Express Recíbelo el martes 7/10/2025 en Ecuador, Guayas, Guayaquil Cambiar dirección Tu forma de pago CrediTia Tarjeta - Efectivo Elige tus cuotas a diferir 1 $1,09 Ver detalle de financiamiento $1,09 Skip to the end of the images gallery Skip to the beginning of the images gallery Información Ficha técnica Información COLA SPRITE 1.35 L Ficha técnica Cola Sprite 1.35 L COLA SPRITE 1.35 L $1,09 Decrease the quantity Increase the quantity Añadir al carrito ¿Deseas recibir notificaciones? Remind me later Permitir Thank you! Please check your email inbox to confirm. Oops! Notifications are disabled.",,1.09,,,,unknown,
The store will not work correctly in the case when cookies are disabled.,"The store will not work correctly in the case when cookies are disabled. Inicio COLA INCA KOLA 2 L Sea el primero en dejar una reseña para este artículo Comparar INCA KOLA COLA INCA KOLA 2 L Agregar a lista SKU 247233000 Decrease the quantity Increase the quantity Añadir al carrito ¿Cómo le gustaría que le enviaran su artículo? Entrega a Domicilio No disponible para este producto Cambiar dirección Retiro en Tienda Tia Centro Recibelo el martes 7/10/2025 en CENTRO Cambiar Tienda Envío Express Recíbelo el martes 7/10/2025 en Ecuador, Guayas, Guayaquil Cambiar dirección Tu forma de pago CrediTia Tarjeta - Efectivo Elige tus cuotas a diferir 1 $1,18 Ver detalle de financiamiento $1,18 Skip to the end of the images gallery Skip to the beginning of the images gallery Información Información COLA INCA KOLA 2 L COLA INCA KOLA 2 L $1,18 Decrease the quantity Increase the quantity Añadir al carrito ¿Deseas recibir notificaciones? Remind me later Permitir Thank you! Please check your email inbox to confirm. Oops! Notifications are disabled.",,1.18,,,,unknown,
The store will not work correctly in the case when cookies are disabled.,"The store will not work correctly in the case when cookies are disabled. Inicio COLA COCA COLA 2 L ORIGINAL Sea el primero en dejar una reseña para este artículo Comparar COCA COLA COLA COCA COLA 2 L ORIGINAL Comprar 10 por $1,86 cada uno y ahorra 10 % Agregar a lista SKU 247072000 Decrease the quantity Increase the quantity Añadir al carrito ¿Cómo le gustaría que le enviaran su artículo? Entrega a Domicilio No disponible para este producto Cambiar dirección Retiro en Tienda Tia Centro Recibelo el martes 7/10/2025 en CENTRO Cambiar Tienda Envío Express Recíbelo el martes 7/10/2025 en Ecuador, Guayas, Guayaquil Cambiar dirección Tu forma de pago CrediTia Tarjeta - Efectivo Elige tus cuotas a diferir 1 $2,07 Ver detalle de financiamiento $2,07 Skip to the end of the images gallery Skip to the beginning of the images gallery Información Ficha técnica Información COLA COCA COLA 2 L ORIGINAL Ficha técnica Cola coca cola 2 lt COLA COCA COLA 2 L ORIGINAL $2,07 Decrease the quantity Increase the quantity Añadir al carrito ¿Deseas recibir notificaciones? Remind me later Permitir Thank you! Please check your email inbox to confirm. Oops! Notifications are disabled.",,1.86,,,,unknown,
¡Lo mejor te está esperando!,¡Lo mejor te está esperando! Descarga la app Departamentos Inicia sesión Ofertas de la semana Listas Alsuper Club Alsuper Alsuper card Estás en Alsuper Plus Leones 90 min Inicio > Lácteos Y Huevo > Huevo > Huevo Blanco Con 30 Bachoco 1 Cartera Detalles: Huevo Blanco 30 piezas Bachoco. Huevo fresco de gallina seleccionado. El complemento e ingrediente imprescindible de las recetas familiares. Ideal para su consumo en cualquier momento del dia. Alto en proteina. Su sabor y fre ... Ver más Huevo Blanco con 30 Bachoco 1 Cartera $99.90 $117.90 Agregar al carrito Favoritos Agregar a una lista Recomendados $99.90 $117.90 Huevo Blanco Con 30 Bachoco 1 Carte... 1 CA Agregar $98.90 $111.90 Huevo Blanco Con 30 San Juan 1 Cart... 1 CA Agregar $61.90 $70.90 Huevo Blanco Con 18 Bachoco 1 Carte... 1 CA Agregar -22% $42.90 $54.90 Huevo Blanco Con 12 Bachoco 1 Carte... 1 CA Agregar $91.90 $109.90 Huevo Blanco Con 30 Huizache 1 Cart... 1 CA Agregar $41.90 $47.90 Huevo Blanco Con 12 San Juan 1 Cart... 1 CA Agregar $91.90 $109.90 Huevo Blanco Con 30 Huevissimo 1 Ca... 1 CA Agregar $91.90 $109.90 Huevo Blanco Con 30 Mybrand 1 Carte... 1 CA Agregar $61.90 $69.90 Huevo Blanco Con 18 San Juan 1 Cart... 1 CA Agregar $37.90 $42.90 Huevo Blanco Con 12 Huizache 1 Car... 1 CA Agregar $88.90 $98.90 Huevo Blanco Jumbo Con 20 Mybrand 1... 1 CA Agregar $56.90 $63.90 Huevo Blanco Cage Free Con 12 Bacho... 1 CA Agregar $43.90 $48.90 Huevo Blanco Con 12 Mybrand 1 Carte... 1 CA Agregar $79.90 Huevo Blanco Organico 12 Pzs Campo ... 1 CA Agregar -21% $69.90 $87.90 Mayonesa Hellmanns 790 G 790 GR Agregar $35.90 Yoghurth Griego Flip Key Lime Cho... 128 GR Agregar $69.90 Mostaza Preparada French's 340 G 340 GR Agregar $23.90 Leche Evaporada Carnation 360 G 360 GR Agregar -24% $39.90 $51.90 Crema Acida Lala 426 Ml 426 ML Agregar $43.90 $51.90 Leche Fresca Entera Zaragoza 1.8 ... 1.8 LT Agregar -24% $45.90 $59.90 Leche Entera Lala 1.8 Lt 1.8 LT Agregar 2 x $65 $37.90 Leche Uht Deslactosada Semidescremad... 1 ,,9990,,,,unknown,
Se interrumpió la conexión,Se interrumpió la conexión Se detectó un cambio de red. ERR_NETWORK_CHANGED Volver a cargar Se detectó un cambio de red.,,,,,,unknown,
The store will not work correctly in the case when cookies are disabled.,"The store will not work correctly in the case when cookies are disabled. Inicio QUESO FRESCO NANDITO 500 G Sea el primero en dejar una reseña para este artículo Comparar NANDITO QUESO FRESCO NANDITO 500 G Agregar a lista SKU 270842000 Decrease the quantity Increase the quantity Añadir al carrito ¿Cómo le gustaría que le enviaran su artículo? Entrega a Domicilio No disponible para este producto Cambiar dirección Retiro en Tienda Tia Centro No disponible para este producto Cambiar Tienda Envío Express No disponible para este producto Cambiar dirección Tu forma de pago CrediTia Tarjeta - Efectivo Elige tus cuotas a diferir 1 $4,49 Ver detalle de financiamiento $4,49 Skip to the end of the images gallery Skip to the beginning of the images gallery Información Información QUESO FRESCO NANDITO 500 G QUESO FRESCO NANDITO 500 G $4,49 Decrease the quantity Increase the quantity Añadir al carrito ¿Deseas recibir notificaciones? Remind me later Permitir Thank you! Please check your email inbox to confirm. Oops! Notifications are disabled.",,4.49,,,,unknown,
The store will not work correctly in the case when cookies are disabled.,"The store will not work correctly in the case when cookies are disabled. Inicio QUESO FRESCO REYQUESO 700 G Sea el primero en dejar una reseña para este artículo Comparar REYQUESO QUESO FRESCO REYQUESO 700 G Agregar a lista SKU 270553000 Decrease the quantity Increase the quantity Añadir al carrito ¿Cómo le gustaría que le enviaran su artículo? Entrega a Domicilio No disponible para este producto Cambiar dirección Retiro en Tienda Tia Centro Recibelo el martes 7/10/2025 en CENTRO Cambiar Tienda Envío Express Recíbelo el martes 7/10/2025 en Ecuador, Guayas, Guayaquil Cambiar dirección Tu forma de pago CrediTia Tarjeta - Efectivo Elige tus cuotas a diferir 1 $6,59 Ver detalle de financiamiento $6,59 Skip to the end of the images gallery Skip to the beginning of the images gallery Información Información QUESO FRESCO REYQUESO 700 G QUESO FRESCO REYQUESO 700 G $6,59 Decrease the quantity Increase the quantity Añadir al carrito ¿Deseas recibir notificaciones? Remind me later Permitir Thank you! Please check your email inbox to confirm. Oops! Notifications are disabled.",,6.59,,,,unknown,
The store will not work correctly in the case when cookies are disabled.,"The store will not work correctly in the case when cookies are disabled. Inicio Resultados de búsqueda para: 'queso cremoso toni 500 g 270558000' Resultados de búsqueda para: 'queso cremoso toni 500 g 270558000' Ver como Cuadrícula Lista Artículos 1 - 12 de 1966 CrediTia Tarjeta - Efectivo Ordenar por Nombre del Producto Más vendidos En mis listas Más nuevos Mejor descuento Más populares Precio Fabricante Precio: Menor a mayor Precio: Mayor a menor Relevancia En sentido ascendente Querías decir queso cremoso toni 500 g 270553000 queso cremoso toni 500 g 270785000 Búsquedas relacionadas toni part cafe de 2 1 toni de baño p 500 g de cham 500 g De azúcar 500 ml De Leche entera 4 yemas De huevo 1 cucharada De harina 1 cucharadita De canela molida 1/2 cucharadita De queso crema de 50 g 0 QUESO CREMA TONI 600 G Marca TONI Precio Especial $4,53 Precio Especial $4,53 Agregar 0 QUESO CREMA TONI 250 G Marca TONI Precio Especial $1,99 Precio Especial $1,99 Agregar 0 QUESO CREMA TONI LIGHT 250 G Marca TONI Precio Especial $2,79 Precio Especial $2,79 Agregar 0 YOGURT GRIEGO TONI 500 G FRUTILLA Marca TONI Precio Especial $3,73 Precio Especial $3,73 Agregar 0 YOGURT GRIEGO TONI 500 G MORA Marca TONI Precio Especial $3,73 Precio Especial $3,73 Agregar 0 QUESO FRESCO NANDITO 500 G Marca NANDITO Precio Especial $4,49 Precio Especial $4,49 Agregar 0 QUESO MOZZARELLA REYQUESO 500 G Marca REYQUESO Precio Especial $5,38 Precio Especial $5,38 Agregar 0 QUESO CREMA REYQUESO 500 G Marca REYQUESO Precio Especial $3,91 Precio Especial $3,91 Agregar 0 QUESO MOZZARELLA KIOSKO 500 G Marca KIOSKO Precio Especial $4,95 Precio Especial $4,95 Agregar 0 QUESO MOZZARELLA TA'RIKO 500 G Marca TARIKO Precio Especial $4,29 Precio Especial $4,29 Agregar 0 QUESO FRESCO EL GUARANDENO 500 G Marca EL GUARANDENO Precio Especial $3,79 Precio Especial $3,79 Agregar 0 QUESO MOZZARELLA EL GUARANDENO 500 G Marca EL GUARANDENO Precio Especial $4,83 Precio Especial $4,83 Agregar Página Página Anterior Estás leyendo la",,4.53,,,,unknown,
The store will not work correctly in the case when cookies are disabled.,"The store will not work correctly in the case when cookies are disabled. Inicio QUESO FRESCO LUCILITA 250 G Sea el primero en dejar una reseña para este artículo Comparar LUCILITA QUESO FRESCO LUCILITA 250 G Agregar a lista SKU 270564000 Decrease the quantity Increase the quantity Añadir al carrito ¿Cómo le gustaría que le enviaran su artículo? Entrega a Domicilio No disponible para este producto Cambiar dirección Retiro en Tienda Tia Centro Recibelo el martes 7/10/2025 en CENTRO Cambiar Tienda Envío Express Recíbelo el martes 7/10/2025 en Ecuador, Guayas, Guayaquil Cambiar dirección Tu forma de pago CrediTia Tarjeta - Efectivo Elige tus cuotas a diferir 1 $2,09 Ver detalle de financiamiento $2,09 Skip to the end of the images gallery Skip to the beginning of the images gallery Información Ficha técnica Información QUESO FRESCO LUCILITA 250 G Ficha técnica Queso fresco Lucilita 250 g QUESO FRESCO LUCILITA 250 G $2,09 Decrease the quantity Increase the quantity Añadir al carrito ¿Deseas recibir notificaciones? Remind me later Permitir Thank you! Please check your email inbox to confirm. Oops! Notifications are disabled.",,2.09,,,,unknown,
The store will not work correctly in the case when cookies are disabled.,"The store will not work correctly in the case when cookies are disabled. Inicio ARROZ REAL 2 KG Sea el primero en dejar una reseña para este artículo Comparar REAL ARROZ REAL 2 KG Agregar a lista SKU 258049000 Decrease the quantity Increase the quantity Añadir al carrito Tu forma de pago CrediTia Tarjeta - Efectivo Elige tus cuotas a diferir 1 $2,99 Ver detalle de financiamiento $2,99 Skip to the end of the images gallery Skip to the beginning of the images gallery Información Ficha técnica Información ARROZ REAL 2 KG Ficha técnica ARROZ REAL 2 KG ARROZ REAL 2 KG $2,99 Decrease the quantity Increase the quantity Añadir al carrito ¿Deseas recibir notificaciones? Remind me later Permitir Thank you! Please check your email inbox to confirm. Oops! Notifications are disabled.",,2.99,,,,unknown,
The store will not work correctly in the case when cookies are disabled.,"The store will not work correctly in the case when cookies are disabled. Inicio ARROZ CONEJO SACO 20 LB Sea el primero en dejar una reseña para este artículo Comparar SIN MARCA ARROZ CONEJO SACO 20 LB Agregar a lista SKU 257216000 Decrease the quantity Increase the quantity Añadir al carrito ¿Cómo le gustaría que le enviaran su artículo? Entrega a Domicilio No disponible para este producto Cambiar dirección Retiro en Tienda Tia Centro Recibelo el martes 7/10/2025 en CENTRO Cambiar Tienda Envío Express Recíbelo el martes 7/10/2025 en Ecuador, Guayas, Guayaquil Cambiar dirección Tu forma de pago CrediTia Tarjeta - Efectivo Elige tus cuotas a diferir 1 $9,99 Ver detalle de financiamiento $9,99 Skip to the end of the images gallery Skip to the beginning of the images gallery Información Ficha técnica Información ARROZ CONEJO SACO 20 LB Ficha técnica Arroz 20 lb ARROZ CONEJO SACO 20 LB $9,99 Decrease the quantity Increase the quantity Añadir al carrito ¿Deseas recibir notificaciones? Remind me later Permitir Thank you! Please check your email inbox to confirm. Oops! Notifications are disabled.",,9.99,,,,unknown,
Horarios de entrega,Horarios de entrega Podes recibir tus compras el: Hoy 7: 17:00 a 18:00 hs. 18:00 a 19:00 hs. LISTA DE COMPRAS Aún no has agregado nada a la lista. BORRAR LISTA Categorias Almacén Aderezos/Condimentos Aceites Aderezos/Salsas Especias Ketchup Mayonesa Mostaza Sal Salsa de Soja/Picantes Tempero Tomatados Vinagres/Otros Alimentos Secos Arroz Azúcar/Endulzantes Chocolatadas/Batidos Caldos/Sopas/Pure Cereales/Semillas Delicatessen Dulces Sólidos Dulces/Mermeladas/Miel Fideo/Lasaña/Pasta Galletitas Harinas / Almidón Legumbres secas Leche en Polvo/varios Postres en Polvo Repostería/ Pasteleria Salsas Celiacos Fideos/Fécula Galletitas/Postres Dietéticos/BC Diet/Bajas Calorias Enlatados Frutas Enlatadas Legumbres enlatadas Paté/Picadillo/Conservas Atún/Mariscos/Sardinas Golosinas Alfajores Caramelos/Chicles Chocolates Turrones Café/Té/Yerba Café Té Yerba Snacks Aceitunas/Champignon Bocaditos/ Pororo Mani Nachos/ Palitos Salados Varios snacks Papas Fritas Pepinos/Pickles Bazar Aire Libre Camping Conservadora/Champañera Terere/Mate Cocina Acces. Madera Acces. Acero Inox. Acces. Aluminio Acces. Plásticos Acces. Teflón Acces. Vidrios Ceramica/Porcelana/Loza Cubiertos Utensilios Cotillón Decoración Servicio de Mesa Vajillas Descartables Varios Decoración/Regalos Decoración Hogar Otros Decoración Organizadores del Hogar Lavado/Planchado Organizadores Vajillas Madera Vidrio Metal/Aluminio Plástico/Melamina Bebes Accesorios Alimentación Aseo Muebles y Seguridad Plásticos Alimentos Cereales Leche Preparados Perfumería Aceites Capilares Colonias y Fragancias Cremas Jabones Pañales desechables Talco Toallitas Humedas Bebidas con Alcohol Aperitivos Con Alcohol Bebidas Blancas Aguardientes Cognac/ Brandie Ron/Cachasa/Caña Tequila Vodka Cervezas Rubias Negras Espumantes Vinos Espumantes Sidras Licores Cremosos Normales Vinos Dulces Espumantes Finos Blancos Finos Rosados Finos Tintos Gasificados Tetra Whiskies Estándar Otros Premium Bebidas sin Alcohol Aguas Aguas Mineralizadas Especiales A,,080,,,,unknown,
(021) 729-7200,"(021) 729-7200 Zona de Cobertura Cómo comprar Horarios Sucursales Buscar producto: Buscar PAPAS BEMBRASIL TRADICIONAL 400GRS PAPAS P/ FREIR CÓDIGO: 7898921567046 ₲. 10.500 Cantidad No disponible Agregar al carrito Agregar a favoritos ₲. 79.700 PAPA FRITAS AVIKO TRADICIONAL 2.5KL Agregar al carrito Agregar a favoritos ₲. 22.750 PAPA AVIKO P/FREIR NOISETTES 600GR Agregar al carrito Agregar a favoritos ₲. 31.100 PAPA AVIKO P/FREIR TRADICIONAL 1KL Agregar al carrito Agregar a favoritos ₲. 149.700 PAPA FRITAS AVIKO MUZZARELA FINGER 1KL Agregar al carrito Agregar a favoritos ₲. 16.650 PAPAS AVIKO P/FREIR TRADICIONAL 450GR Agregar al carrito Agregar a favoritos ₲. 23.000 PAPAS FRITAS MCCAIN CLÁSICAS TRADICIONAL X 700 GR Agregar al carrito Agregar a favoritos ₲. 24.900 PAPAS FRITAS MCCAIN GOURMET CORTE CRINKLE X 600 Agregar al carrito Agregar a favoritos ₲. 25.000 PAPAS FRITAS MCCAIN CLASICAS NOISETTE 600GR Agregar al carrito Agregar a favoritos ₲. 29.500 PAPAS FRITAS MCCAIN CLASICAS SMILES 700GR Agregar al carrito Agregar a favoritos ₲. 22.700 PAPAS PREFRITAS PEPE CHEF 1KG Agregar al carrito Sucursales Preguntas Frecuentes Contacto Horario Sucursales Sitio web comercial adaptado a la Ley No. 4868/13 Decreto No. 1165 Casa Rica - Alimentos Especiales S.A. | Términos y Condiciones DESCARGÁ NUESTRA APP Todos los derechos reservados © 2025 ©ECOMMERCE PRO Desarrollado por MASCREATIVO Próximo Delivery Hoy 07/jun de 18:00 a 19:00 hs Próximo Pickup Hoy 07/jun de 18:00 a 19:00 hs Buscar por palabras clave × Presiona ""enter"" después de cada producto, o separalos por comas. (Ej: banana, huevo, tomate) Borrar todo × Buscar productos",,,,,,unknown,
Horarios de entrega,Horarios de entrega Podes recibir tus compras el: Hoy 7: 17:00 a 18:00 hs. 18:00 a 19:00 hs. LISTA DE COMPRAS Aún no has agregado nada a la lista. BORRAR LISTA Categorias Almacén Aderezos/Condimentos Aceites Aderezos/Salsas Especias Ketchup Mayonesa Mostaza Sal Salsa de Soja/Picantes Tempero Tomatados Vinagres/Otros Alimentos Secos Arroz Azúcar/Endulzantes Chocolatadas/Batidos Caldos/Sopas/Pure Cereales/Semillas Delicatessen Dulces Sólidos Dulces/Mermeladas/Miel Fideo/Lasaña/Pasta Galletitas Harinas / Almidón Legumbres secas Leche en Polvo/varios Postres en Polvo Repostería/ Pasteleria Salsas Celiacos Fideos/Fécula Galletitas/Postres Dietéticos/BC Diet/Bajas Calorias Enlatados Frutas Enlatadas Legumbres enlatadas Paté/Picadillo/Conservas Atún/Mariscos/Sardinas Golosinas Alfajores Caramelos/Chicles Chocolates Turrones Café/Té/Yerba Café Té Yerba Snacks Aceitunas/Champignon Bocaditos/ Pororo Mani Nachos/ Palitos Salados Varios snacks Papas Fritas Pepinos/Pickles Bazar Aire Libre Camping Conservadora/Champañera Terere/Mate Cocina Acces. Madera Acces. Acero Inox. Acces. Aluminio Acces. Plásticos Acces. Teflón Acces. Vidrios Ceramica/Porcelana/Loza Cubiertos Utensilios Cotillón Decoración Servicio de Mesa Vajillas Descartables Varios Decoración/Regalos Decoración Hogar Otros Decoración Organizadores del Hogar Lavado/Planchado Organizadores Vajillas Madera Vidrio Metal/Aluminio Plástico/Melamina Bebes Accesorios Alimentación Aseo Muebles y Seguridad Plásticos Alimentos Cereales Leche Preparados Perfumería Aceites Capilares Colonias y Fragancias Cremas Jabones Pañales desechables Talco Toallitas Humedas Bebidas con Alcohol Aperitivos Con Alcohol Bebidas Blancas Aguardientes Cognac/ Brandie Ron/Cachasa/Caña Tequila Vodka Cervezas Rubias Negras Espumantes Vinos Espumantes Sidras Licores Cremosos Normales Vinos Dulces Espumantes Finos Blancos Finos Rosados Finos Tintos Gasificados Tetra Whiskies Estándar Otros Premium Bebidas sin Alcohol Aguas Aguas Mineralizadas Especiales A,,,,,,unknown,
Se interrumpió la conexión,Se interrumpió la conexión Se detectó un cambio de red. ERR_NETWORK_CHANGED Volver a cargar Se detectó un cambio de red.,,,,,,unknown,
Horarios de entrega,Horarios de entrega Podes recibir tus compras el: Hoy 7: 17:00 a 18:00 hs. 18:00 a 19:00 hs. LISTA DE COMPRAS Aún no has agregado nada a la lista. BORRAR LISTA Categorias Almacén Aderezos/Condimentos Aceites Aderezos/Salsas Especias Ketchup Mayonesa Mostaza Sal Salsa de Soja/Picantes Tempero Tomatados Vinagres/Otros Alimentos Secos Arroz Azúcar/Endulzantes Chocolatadas/Batidos Caldos/Sopas/Pure Cereales/Semillas Delicatessen Dulces Sólidos Dulces/Mermeladas/Miel Fideo/Lasaña/Pasta Galletitas Harinas / Almidón Legumbres secas Leche en Polvo/varios Postres en Polvo Repostería/ Pasteleria Salsas Celiacos Fideos/Fécula Galletitas/Postres Dietéticos/BC Diet/Bajas Calorias Enlatados Frutas Enlatadas Legumbres enlatadas Paté/Picadillo/Conservas Atún/Mariscos/Sardinas Golosinas Alfajores Caramelos/Chicles Chocolates Turrones Café/Té/Yerba Café Té Yerba Snacks Aceitunas/Champignon Bocaditos/ Pororo Mani Nachos/ Palitos Salados Varios snacks Papas Fritas Pepinos/Pickles Bazar Aire Libre Camping Conservadora/Champañera Terere/Mate Cocina Acces. Madera Acces. Acero Inox. Acces. Aluminio Acces. Plásticos Acces. Teflón Acces. Vidrios Ceramica/Porcelana/Loza Cubiertos Utensilios Cotillón Decoración Servicio de Mesa Vajillas Descartables Varios Decoración/Regalos Decoración Hogar Otros Decoración Organizadores del Hogar Lavado/Planchado Organizadores Vajillas Madera Vidrio Metal/Aluminio Plástico/Melamina Bebes Accesorios Alimentación Aseo Muebles y Seguridad Plásticos Alimentos Cereales Leche Preparados Perfumería Aceites Capilares Colonias y Fragancias Cremas Jabones Pañales desechables Talco Toallitas Humedas Bebidas con Alcohol Aperitivos Con Alcohol Bebidas Blancas Aguardientes Cognac/ Brandie Ron/Cachasa/Caña Tequila Vodka Cervezas Rubias Negras Espumantes Vinos Espumantes Sidras Licores Cremosos Normales Vinos Dulces Espumantes Finos Blancos Finos Rosados Finos Tintos Gasificados Tetra Whiskies Estándar Otros Premium Bebidas sin Alcohol Aguas Aguas Mineralizadas Especiales A,,,,,,unknown,
Horarios de entrega,Horarios de entrega Podes recibir tus compras el: Hoy 7: 17:00 a 18:00 hs. 18:00 a 19:00 hs. LISTA DE COMPRAS Aún no has agregado nada a la lista. BORRAR LISTA Categorias Almacén Aderezos/Condimentos Aceites Aderezos/Salsas Especias Ketchup Mayonesa Mostaza Sal Salsa de Soja/Picantes Tempero Tomatados Vinagres/Otros Alimentos Secos Arroz Azúcar/Endulzantes Chocolatadas/Batidos Caldos/Sopas/Pure Cereales/Semillas Delicatessen Dulces Sólidos Dulces/Mermeladas/Miel Fideo/Lasaña/Pasta Galletitas Harinas / Almidón Legumbres secas Leche en Polvo/varios Postres en Polvo Repostería/ Pasteleria Salsas Celiacos Fideos/Fécula Galletitas/Postres Dietéticos/BC Diet/Bajas Calorias Enlatados Frutas Enlatadas Legumbres enlatadas Paté/Picadillo/Conservas Atún/Mariscos/Sardinas Golosinas Alfajores Caramelos/Chicles Chocolates Turrones Café/Té/Yerba Café Té Yerba Snacks Aceitunas/Champignon Bocaditos/ Pororo Mani Nachos/ Palitos Salados Varios snacks Papas Fritas Pepinos/Pickles Bazar Aire Libre Camping Conservadora/Champañera Terere/Mate Cocina Acces. Madera Acces. Acero Inox. Acces. Aluminio Acces. Plásticos Acces. Teflón Acces. Vidrios Ceramica/Porcelana/Loza Cubiertos Utensilios Cotillón Decoración Servicio de Mesa Vajillas Descartables Varios Decoración/Regalos Decoración Hogar Otros Decoración Organizadores del Hogar Lavado/Planchado Organizadores Vajillas Madera Vidrio Metal/Aluminio Plástico/Melamina Bebes Accesorios Alimentación Aseo Muebles y Seguridad Plásticos Alimentos Cereales Leche Preparados Perfumería Aceites Capilares Colonias y Fragancias Cremas Jabones Pañales desechables Talco Toallitas Humedas Bebidas con Alcohol Aperitivos Con Alcohol Bebidas Blancas Aguardientes Cognac/ Brandie Ron/Cachasa/Caña Tequila Vodka Cervezas Rubias Negras Espumantes Vinos Espumantes Sidras Licores Cremosos Normales Vinos Dulces Espumantes Finos Blancos Finos Rosados Finos Tintos Gasificados Tetra Whiskies Estándar Otros Premium Bebidas sin Alcohol Aguas Aguas Mineralizadas Especiales A,,,,,,unknown,
Horarios de entrega,Horarios de entrega Podes recibir tus compras el: Hoy 7: 17:00 a 18:00 hs. 18:00 a 19:00 hs. LISTA DE COMPRAS Aún no has agregado nada a la lista. BORRAR LISTA Categorias Almacén Aderezos/Condimentos Aceites Aderezos/Salsas Especias Ketchup Mayonesa Mostaza Sal Salsa de Soja/Picantes Tempero Tomatados Vinagres/Otros Alimentos Secos Arroz Azúcar/Endulzantes Chocolatadas/Batidos Caldos/Sopas/Pure Cereales/Semillas Delicatessen Dulces Sólidos Dulces/Mermeladas/Miel Fideo/Lasaña/Pasta Galletitas Harinas / Almidón Legumbres secas Leche en Polvo/varios Postres en Polvo Repostería/ Pasteleria Salsas Celiacos Fideos/Fécula Galletitas/Postres Dietéticos/BC Diet/Bajas Calorias Enlatados Frutas Enlatadas Legumbres enlatadas Paté/Picadillo/Conservas Atún/Mariscos/Sardinas Golosinas Alfajores Caramelos/Chicles Chocolates Turrones Café/Té/Yerba Café Té Yerba Snacks Aceitunas/Champignon Bocaditos/ Pororo Mani Nachos/ Palitos Salados Varios snacks Papas Fritas Pepinos/Pickles Bazar Aire Libre Camping Conservadora/Champañera Terere/Mate Cocina Acces. Madera Acces. Acero Inox. Acces. Aluminio Acces. Plásticos Acces. Teflón Acces. Vidrios Ceramica/Porcelana/Loza Cubiertos Utensilios Cotillón Decoración Servicio de Mesa Vajillas Descartables Varios Decoración/Regalos Decoración Hogar Otros Decoración Organizadores del Hogar Lavado/Planchado Organizadores Vajillas Madera Vidrio Metal/Aluminio Plástico/Melamina Bebes Accesorios Alimentación Aseo Muebles y Seguridad Plásticos Alimentos Cereales Leche Preparados Perfumería Aceites Capilares Colonias y Fragancias Cremas Jabones Pañales desechables Talco Toallitas Humedas Bebidas con Alcohol Aperitivos Con Alcohol Bebidas Blancas Aguardientes Cognac/ Brandie Ron/Cachasa/Caña Tequila Vodka Cervezas Rubias Negras Espumantes Vinos Espumantes Sidras Licores Cremosos Normales Vinos Dulces Espumantes Finos Blancos Finos Rosados Finos Tintos Gasificados Tetra Whiskies Estándar Otros Premium Bebidas sin Alcohol Aguas Aguas Mineralizadas Especiales A,,,,,,unknown,
Horarios de entrega,Horarios de entrega Podes recibir tus compras el: Hoy 7: 17:00 a 18:00 hs. 18:00 a 19:00 hs. LISTA DE COMPRAS Aún no has agregado nada a la lista. BORRAR LISTA Categorias Almacén Aderezos/Condimentos Aceites Aderezos/Salsas Especias Ketchup Mayonesa Mostaza Sal Salsa de Soja/Picantes Tempero Tomatados Vinagres/Otros Alimentos Secos Arroz Azúcar/Endulzantes Chocolatadas/Batidos Caldos/Sopas/Pure Cereales/Semillas Delicatessen Dulces Sólidos Dulces/Mermeladas/Miel Fideo/Lasaña/Pasta Galletitas Harinas / Almidón Legumbres secas Leche en Polvo/varios Postres en Polvo Repostería/ Pasteleria Salsas Celiacos Fideos/Fécula Galletitas/Postres Dietéticos/BC Diet/Bajas Calorias Enlatados Frutas Enlatadas Legumbres enlatadas Paté/Picadillo/Conservas Atún/Mariscos/Sardinas Golosinas Alfajores Caramelos/Chicles Chocolates Turrones Café/Té/Yerba Café Té Yerba Snacks Aceitunas/Champignon Bocaditos/ Pororo Mani Nachos/ Palitos Salados Varios snacks Papas Fritas Pepinos/Pickles Bazar Aire Libre Camping Conservadora/Champañera Terere/Mate Cocina Acces. Madera Acces. Acero Inox. Acces. Aluminio Acces. Plásticos Acces. Teflón Acces. Vidrios Ceramica/Porcelana/Loza Cubiertos Utensilios Cotillón Decoración Servicio de Mesa Vajillas Descartables Varios Decoración/Regalos Decoración Hogar Otros Decoración Organizadores del Hogar Lavado/Planchado Organizadores Vajillas Madera Vidrio Metal/Aluminio Plástico/Melamina Bebes Accesorios Alimentación Aseo Muebles y Seguridad Plásticos Alimentos Cereales Leche Preparados Perfumería Aceites Capilares Colonias y Fragancias Cremas Jabones Pañales desechables Talco Toallitas Humedas Bebidas con Alcohol Aperitivos Con Alcohol Bebidas Blancas Aguardientes Cognac/ Brandie Ron/Cachasa/Caña Tequila Vodka Cervezas Rubias Negras Espumantes Vinos Espumantes Sidras Licores Cremosos Normales Vinos Dulces Espumantes Finos Blancos Finos Rosados Finos Tintos Gasificados Tetra Whiskies Estándar Otros Premium Bebidas sin Alcohol Aguas Aguas Mineralizadas Especiales A,,,,,,unknown,
Horarios de entrega,Horarios de entrega Podes recibir tus compras el: Hoy 7: 17:00 a 18:00 hs. 18:00 a 19:00 hs. LISTA DE COMPRAS Aún no has agregado nada a la lista. BORRAR LISTA Categorias Almacén Aderezos/Condimentos Aceites Aderezos/Salsas Especias Ketchup Mayonesa Mostaza Sal Salsa de Soja/Picantes Tempero Tomatados Vinagres/Otros Alimentos Secos Arroz Azúcar/Endulzantes Chocolatadas/Batidos Caldos/Sopas/Pure Cereales/Semillas Delicatessen Dulces Sólidos Dulces/Mermeladas/Miel Fideo/Lasaña/Pasta Galletitas Harinas / Almidón Legumbres secas Leche en Polvo/varios Postres en Polvo Repostería/ Pasteleria Salsas Celiacos Fideos/Fécula Galletitas/Postres Dietéticos/BC Diet/Bajas Calorias Enlatados Frutas Enlatadas Legumbres enlatadas Paté/Picadillo/Conservas Atún/Mariscos/Sardinas Golosinas Alfajores Caramelos/Chicles Chocolates Turrones Café/Té/Yerba Café Té Yerba Snacks Aceitunas/Champignon Bocaditos/ Pororo Mani Nachos/ Palitos Salados Varios snacks Papas Fritas Pepinos/Pickles Bazar Aire Libre Camping Conservadora/Champañera Terere/Mate Cocina Acces. Madera Acces. Acero Inox. Acces. Aluminio Acces. Plásticos Acces. Teflón Acces. Vidrios Ceramica/Porcelana/Loza Cubiertos Utensilios Cotillón Decoración Servicio de Mesa Vajillas Descartables Varios Decoración/Regalos Decoración Hogar Otros Decoración Organizadores del Hogar Lavado/Planchado Organizadores Vajillas Madera Vidrio Metal/Aluminio Plástico/Melamina Bebes Accesorios Alimentación Aseo Muebles y Seguridad Plásticos Alimentos Cereales Leche Preparados Perfumería Aceites Capilares Colonias y Fragancias Cremas Jabones Pañales desechables Talco Toallitas Humedas Bebidas con Alcohol Aperitivos Con Alcohol Bebidas Blancas Aguardientes Cognac/ Brandie Ron/Cachasa/Caña Tequila Vodka Cervezas Rubias Negras Espumantes Vinos Espumantes Sidras Licores Cremosos Normales Vinos Dulces Espumantes Finos Blancos Finos Rosados Finos Tintos Gasificados Tetra Whiskies Estándar Otros Premium Bebidas sin Alcohol Aguas Aguas Mineralizadas Especiales A,,0.00,,,,unknown,
Horarios de entrega,Horarios de entrega Podes recibir tus compras el: Hoy 7: 17:00 a 18:00 hs. 18:00 a 19:00 hs. LISTA DE COMPRAS Aún no has agregado nada a la lista. BORRAR LISTA Categorias Almacén Aderezos/Condimentos Aceites Aderezos/Salsas Especias Ketchup Mayonesa Mostaza Sal Salsa de Soja/Picantes Tempero Tomatados Vinagres/Otros Alimentos Secos Arroz Azúcar/Endulzantes Chocolatadas/Batidos Caldos/Sopas/Pure Cereales/Semillas Delicatessen Dulces Sólidos Dulces/Mermeladas/Miel Fideo/Lasaña/Pasta Galletitas Harinas / Almidón Legumbres secas Leche en Polvo/varios Postres en Polvo Repostería/ Pasteleria Salsas Celiacos Fideos/Fécula Galletitas/Postres Dietéticos/BC Diet/Bajas Calorias Enlatados Frutas Enlatadas Legumbres enlatadas Paté/Picadillo/Conservas Atún/Mariscos/Sardinas Golosinas Alfajores Caramelos/Chicles Chocolates Turrones Café/Té/Yerba Café Té Yerba Snacks Aceitunas/Champignon Bocaditos/ Pororo Mani Nachos/ Palitos Salados Varios snacks Papas Fritas Pepinos/Pickles Bazar Aire Libre Camping Conservadora/Champañera Terere/Mate Cocina Acces. Madera Acces. Acero Inox. Acces. Aluminio Acces. Plásticos Acces. Teflón Acces. Vidrios Ceramica/Porcelana/Loza Cubiertos Utensilios Cotillón Decoración Servicio de Mesa Vajillas Descartables Varios Decoración/Regalos Decoración Hogar Otros Decoración Organizadores del Hogar Lavado/Planchado Organizadores Vajillas Madera Vidrio Metal/Aluminio Plástico/Melamina Bebes Accesorios Alimentación Aseo Muebles y Seguridad Plásticos Alimentos Cereales Leche Preparados Perfumería Aceites Capilares Colonias y Fragancias Cremas Jabones Pañales desechables Talco Toallitas Humedas Bebidas con Alcohol Aperitivos Con Alcohol Bebidas Blancas Aguardientes Cognac/ Brandie Ron/Cachasa/Caña Tequila Vodka Cervezas Rubias Negras Espumantes Vinos Espumantes Sidras Licores Cremosos Normales Vinos Dulces Espumantes Finos Blancos Finos Rosados Finos Tintos Gasificados Tetra Whiskies Estándar Otros Premium Bebidas sin Alcohol Aguas Aguas Mineralizadas Especiales A,,,,,,unknown,
Horarios de entrega,Horarios de entrega Podes recibir tus compras el: Hoy 7: 17:00 a 18:00 hs. 18:00 a 19:00 hs. LISTA DE COMPRAS Aún no has agregado nada a la lista. BORRAR LISTA Categorias Almacén Aderezos/Condimentos Aceites Aderezos/Salsas Especias Ketchup Mayonesa Mostaza Sal Salsa de Soja/Picantes Tempero Tomatados Vinagres/Otros Alimentos Secos Arroz Azúcar/Endulzantes Chocolatadas/Batidos Caldos/Sopas/Pure Cereales/Semillas Delicatessen Dulces Sólidos Dulces/Mermeladas/Miel Fideo/Lasaña/Pasta Galletitas Harinas / Almidón Legumbres secas Leche en Polvo/varios Postres en Polvo Repostería/ Pasteleria Salsas Celiacos Fideos/Fécula Galletitas/Postres Dietéticos/BC Diet/Bajas Calorias Enlatados Frutas Enlatadas Legumbres enlatadas Paté/Picadillo/Conservas Atún/Mariscos/Sardinas Golosinas Alfajores Caramelos/Chicles Chocolates Turrones Café/Té/Yerba Café Té Yerba Snacks Aceitunas/Champignon Bocaditos/ Pororo Mani Nachos/ Palitos Salados Varios snacks Papas Fritas Pepinos/Pickles Bazar Aire Libre Camping Conservadora/Champañera Terere/Mate Cocina Acces. Madera Acces. Acero Inox. Acces. Aluminio Acces. Plásticos Acces. Teflón Acces. Vidrios Ceramica/Porcelana/Loza Cubiertos Utensilios Cotillón Decoración Servicio de Mesa Vajillas Descartables Varios Decoración/Regalos Decoración Hogar Otros Decoración Organizadores del Hogar Lavado/Planchado Organizadores Vajillas Madera Vidrio Metal/Aluminio Plástico/Melamina Bebes Accesorios Alimentación Aseo Muebles y Seguridad Plásticos Alimentos Cereales Leche Preparados Perfumería Aceites Capilares Colonias y Fragancias Cremas Jabones Pañales desechables Talco Toallitas Humedas Bebidas con Alcohol Aperitivos Con Alcohol Bebidas Blancas Aguardientes Cognac/ Brandie Ron/Cachasa/Caña Tequila Vodka Cervezas Rubias Negras Espumantes Vinos Espumantes Sidras Licores Cremosos Normales Vinos Dulces Espumantes Finos Blancos Finos Rosados Finos Tintos Gasificados Tetra Whiskies Estándar Otros Premium Bebidas sin Alcohol Aguas Aguas Mineralizadas Especiales A,,,,,,unknown,
Horarios de entrega,Horarios de entrega Podes recibir tus compras el: Hoy 7: 17:00 a 18:00 hs. 18:00 a 19:00 hs. LISTA DE COMPRAS Aún no has agregado nada a la lista. BORRAR LISTA Categorias Almacén Aderezos/Condimentos Aceites Aderezos/Salsas Especias Ketchup Mayonesa Mostaza Sal Salsa de Soja/Picantes Tempero Tomatados Vinagres/Otros Alimentos Secos Arroz Azúcar/Endulzantes Chocolatadas/Batidos Caldos/Sopas/Pure Cereales/Semillas Delicatessen Dulces Sólidos Dulces/Mermeladas/Miel Fideo/Lasaña/Pasta Galletitas Harinas / Almidón Legumbres secas Leche en Polvo/varios Postres en Polvo Repostería/ Pasteleria Salsas Celiacos Fideos/Fécula Galletitas/Postres Dietéticos/BC Diet/Bajas Calorias Enlatados Frutas Enlatadas Legumbres enlatadas Paté/Picadillo/Conservas Atún/Mariscos/Sardinas Golosinas Alfajores Caramelos/Chicles Chocolates Turrones Café/Té/Yerba Café Té Yerba Snacks Aceitunas/Champignon Bocaditos/ Pororo Mani Nachos/ Palitos Salados Varios snacks Papas Fritas Pepinos/Pickles Bazar Aire Libre Camping Conservadora/Champañera Terere/Mate Cocina Acces. Madera Acces. Acero Inox. Acces. Aluminio Acces. Plásticos Acces. Teflón Acces. Vidrios Ceramica/Porcelana/Loza Cubiertos Utensilios Cotillón Decoración Servicio de Mesa Vajillas Descartables Varios Decoración/Regalos Decoración Hogar Otros Decoración Organizadores del Hogar Lavado/Planchado Organizadores Vajillas Madera Vidrio Metal/Aluminio Plástico/Melamina Bebes Accesorios Alimentación Aseo Muebles y Seguridad Plásticos Alimentos Cereales Leche Preparados Perfumería Aceites Capilares Colonias y Fragancias Cremas Jabones Pañales desechables Talco Toallitas Humedas Bebidas con Alcohol Aperitivos Con Alcohol Bebidas Blancas Aguardientes Cognac/ Brandie Ron/Cachasa/Caña Tequila Vodka Cervezas Rubias Negras Espumantes Vinos Espumantes Sidras Licores Cremosos Normales Vinos Dulces Espumantes Finos Blancos Finos Rosados Finos Tintos Gasificados Tetra Whiskies Estándar Otros Premium Bebidas sin Alcohol Aguas Aguas Mineralizadas Especiales A,,,,,,unknown,
Horarios de entrega,Horarios de entrega Podes recibir tus compras el: Hoy 7: 17:00 a 18:00 hs. 18:00 a 19:00 hs. LISTA DE COMPRAS Aún no has agregado nada a la lista. BORRAR LISTA Categorias Almacén Aderezos/Condimentos Aceites Aderezos/Salsas Especias Ketchup Mayonesa Mostaza Sal Salsa de Soja/Picantes Tempero Tomatados Vinagres/Otros Alimentos Secos Arroz Azúcar/Endulzantes Chocolatadas/Batidos Caldos/Sopas/Pure Cereales/Semillas Delicatessen Dulces Sólidos Dulces/Mermeladas/Miel Fideo/Lasaña/Pasta Galletitas Harinas / Almidón Legumbres secas Leche en Polvo/varios Postres en Polvo Repostería/ Pasteleria Salsas Celiacos Fideos/Fécula Galletitas/Postres Dietéticos/BC Diet/Bajas Calorias Enlatados Frutas Enlatadas Legumbres enlatadas Paté/Picadillo/Conservas Atún/Mariscos/Sardinas Golosinas Alfajores Caramelos/Chicles Chocolates Turrones Café/Té/Yerba Café Té Yerba Snacks Aceitunas/Champignon Bocaditos/ Pororo Mani Nachos/ Palitos Salados Varios snacks Papas Fritas Pepinos/Pickles Bazar Aire Libre Camping Conservadora/Champañera Terere/Mate Cocina Acces. Madera Acces. Acero Inox. Acces. Aluminio Acces. Plásticos Acces. Teflón Acces. Vidrios Ceramica/Porcelana/Loza Cubiertos Utensilios Cotillón Decoración Servicio de Mesa Vajillas Descartables Varios Decoración/Regalos Decoración Hogar Otros Decoración Organizadores del Hogar Lavado/Planchado Organizadores Vajillas Madera Vidrio Metal/Aluminio Plástico/Melamina Bebes Accesorios Alimentación Aseo Muebles y Seguridad Plásticos Alimentos Cereales Leche Preparados Perfumería Aceites Capilares Colonias y Fragancias Cremas Jabones Pañales desechables Talco Toallitas Humedas Bebidas con Alcohol Aperitivos Con Alcohol Bebidas Blancas Aguardientes Cognac/ Brandie Ron/Cachasa/Caña Tequila Vodka Cervezas Rubias Negras Espumantes Vinos Espumantes Sidras Licores Cremosos Normales Vinos Dulces Espumantes Finos Blancos Finos Rosados Finos Tintos Gasificados Tetra Whiskies Estándar Otros Premium Bebidas sin Alcohol Aguas Aguas Mineralizadas Especiales A,,,,,,unknown,
Horarios de entrega,Horarios de entrega Podes recibir tus compras el: Hoy 7: 17:00 a 18:00 hs. 18:00 a 19:00 hs. LISTA DE COMPRAS Aún no has agregado nada a la lista. BORRAR LISTA Categorias Almacén Aderezos/Condimentos Aceites Aderezos/Salsas Especias Ketchup Mayonesa Mostaza Sal Salsa de Soja/Picantes Tempero Tomatados Vinagres/Otros Alimentos Secos Arroz Azúcar/Endulzantes Chocolatadas/Batidos Caldos/Sopas/Pure Cereales/Semillas Delicatessen Dulces Sólidos Dulces/Mermeladas/Miel Fideo/Lasaña/Pasta Galletitas Harinas / Almidón Legumbres secas Leche en Polvo/varios Postres en Polvo Repostería/ Pasteleria Salsas Celiacos Fideos/Fécula Galletitas/Postres Dietéticos/BC Diet/Bajas Calorias Enlatados Frutas Enlatadas Legumbres enlatadas Paté/Picadillo/Conservas Atún/Mariscos/Sardinas Golosinas Alfajores Caramelos/Chicles Chocolates Turrones Café/Té/Yerba Café Té Yerba Snacks Aceitunas/Champignon Bocaditos/ Pororo Mani Nachos/ Palitos Salados Varios snacks Papas Fritas Pepinos/Pickles Bazar Aire Libre Camping Conservadora/Champañera Terere/Mate Cocina Acces. Madera Acces. Acero Inox. Acces. Aluminio Acces. Plásticos Acces. Teflón Acces. Vidrios Ceramica/Porcelana/Loza Cubiertos Utensilios Cotillón Decoración Servicio de Mesa Vajillas Descartables Varios Decoración/Regalos Decoración Hogar Otros Decoración Organizadores del Hogar Lavado/Planchado Organizadores Vajillas Madera Vidrio Metal/Aluminio Plástico/Melamina Bebes Accesorios Alimentación Aseo Muebles y Seguridad Plásticos Alimentos Cereales Leche Preparados Perfumería Aceites Capilares Colonias y Fragancias Cremas Jabones Pañales desechables Talco Toallitas Humedas Bebidas con Alcohol Aperitivos Con Alcohol Bebidas Blancas Aguardientes Cognac/ Brandie Ron/Cachasa/Caña Tequila Vodka Cervezas Rubias Negras Espumantes Vinos Espumantes Sidras Licores Cremosos Normales Vinos Dulces Espumantes Finos Blancos Finos Rosados Finos Tintos Gasificados Tetra Whiskies Estándar Otros Premium Bebidas sin Alcohol Aguas Aguas Mineralizadas Especiales A,,,,,,unknown,
¡Lo mejor te está esperando!,"¡Lo mejor te está esperando! Descarga la app Departamentos Inicia sesión Ofertas de la semana Listas Alsuper Club Alsuper Alsuper card Estás en Alsuper Plus Leones 90 min Inicio > Lácteos Y Huevo > Huevo > Huevo Blanco Con 30 Huizache 1 Cartera Detalles: Descubre la excelencia en cada desayuno con nuestros huevos blancos Huizache con 30 unidades. Provenientes de gallinas felices y alimentadas con una dieta balanceada, estos huevos destacan por su frescura y calidad excepciona ... Ver más Huevo blanco con 30 Huizache 1 cartera $91.90 $109.90 Agregar al carrito Favoritos Agregar a una lista Recomendados $99.90 $117.90 Huevo Blanco Con 30 Bachoco 1 Carte... 1 CA Agregar $98.90 $111.90 Huevo Blanco Con 30 San Juan 1 Cart... 1 CA Agregar $61.90 $70.90 Huevo Blanco Con 18 Bachoco 1 Carte... 1 CA Agregar -22% $42.90 $54.90 Huevo Blanco Con 12 Bachoco 1 Carte... 1 CA Agregar $91.90 $109.90 Huevo Blanco Con 30 Huizache 1 Cart... 1 CA Agregar $41.90 $47.90 Huevo Blanco Con 12 San Juan 1 Cart... 1 CA Agregar $91.90 $109.90 Huevo Blanco Con 30 Huevissimo 1 Ca... 1 CA Agregar $91.90 $109.90 Huevo Blanco Con 30 Mybrand 1 Carte... 1 CA Agregar $61.90 $69.90 Huevo Blanco Con 18 San Juan 1 Cart... 1 CA Agregar $37.90 $42.90 Huevo Blanco Con 12 Huizache 1 Car... 1 CA Agregar $88.90 $98.90 Huevo Blanco Jumbo Con 20 Mybrand 1... 1 CA Agregar $56.90 $63.90 Huevo Blanco Cage Free Con 12 Bacho... 1 CA Agregar $43.90 $48.90 Huevo Blanco Con 12 Mybrand 1 Carte... 1 CA Agregar $79.90 Huevo Blanco Organico 12 Pzs Campo ... 1 CA Agregar -21% $69.90 $87.90 Mayonesa Hellmanns 790 G 790 GR Agregar $35.90 Yoghurth Griego Flip Key Lime Cho... 128 GR Agregar $69.90 Mostaza Preparada French's 340 G 340 GR Agregar $23.90 Leche Evaporada Carnation 360 G 360 GR Agregar -24% $39.90 $51.90 Crema Acida Lala 426 Ml 426 ML Agregar $43.90 $51.90 Leche Fresca Entera Zaragoza 1.8 ... 1.8 LT Agregar -24% $45.90 $59.90 Leche Entera Lala 1.8 Lt 1.8 LT Agregar 2 x $65 $37.90 Leche Uht Deslactosada Semidescremad... ",,9190,,,,unknown,
Horarios de entrega,Horarios de entrega Podes recibir tus compras el: Hoy 7: 17:00 a 18:00 hs. 18:00 a 19:00 hs. LISTA DE COMPRAS Aún no has agregado nada a la lista. BORRAR LISTA Categorias Almacén Aderezos/Condimentos Aceites Aderezos/Salsas Especias Ketchup Mayonesa Mostaza Sal Salsa de Soja/Picantes Tempero Tomatados Vinagres/Otros Alimentos Secos Arroz Azúcar/Endulzantes Chocolatadas/Batidos Caldos/Sopas/Pure Cereales/Semillas Delicatessen Dulces Sólidos Dulces/Mermeladas/Miel Fideo/Lasaña/Pasta Galletitas Harinas / Almidón Legumbres secas Leche en Polvo/varios Postres en Polvo Repostería/ Pasteleria Salsas Celiacos Fideos/Fécula Galletitas/Postres Dietéticos/BC Diet/Bajas Calorias Enlatados Frutas Enlatadas Legumbres enlatadas Paté/Picadillo/Conservas Atún/Mariscos/Sardinas Golosinas Alfajores Caramelos/Chicles Chocolates Turrones Café/Té/Yerba Café Té Yerba Snacks Aceitunas/Champignon Bocaditos/ Pororo Mani Nachos/ Palitos Salados Varios snacks Papas Fritas Pepinos/Pickles Bazar Aire Libre Camping Conservadora/Champañera Terere/Mate Cocina Acces. Madera Acces. Acero Inox. Acces. Aluminio Acces. Plásticos Acces. Teflón Acces. Vidrios Ceramica/Porcelana/Loza Cubiertos Utensilios Cotillón Decoración Servicio de Mesa Vajillas Descartables Varios Decoración/Regalos Decoración Hogar Otros Decoración Organizadores del Hogar Lavado/Planchado Organizadores Vajillas Madera Vidrio Metal/Aluminio Plástico/Melamina Bebes Accesorios Alimentación Aseo Muebles y Seguridad Plásticos Alimentos Cereales Leche Preparados Perfumería Aceites Capilares Colonias y Fragancias Cremas Jabones Pañales desechables Talco Toallitas Humedas Bebidas con Alcohol Aperitivos Con Alcohol Bebidas Blancas Aguardientes Cognac/ Brandie Ron/Cachasa/Caña Tequila Vodka Cervezas Rubias Negras Espumantes Vinos Espumantes Sidras Licores Cremosos Normales Vinos Dulces Espumantes Finos Blancos Finos Rosados Finos Tintos Gasificados Tetra Whiskies Estándar Otros Premium Bebidas sin Alcohol Aguas Aguas Mineralizadas Especiales A,,,,,,unknown,
Horarios de entrega,Horarios de entrega Podes recibir tus compras el: Hoy 7: 17:00 a 18:00 hs. 18:00 a 19:00 hs. LISTA DE COMPRAS Aún no has agregado nada a la lista. BORRAR LISTA Categorias Almacén Aderezos/Condimentos Aceites Aderezos/Salsas Especias Ketchup Mayonesa Mostaza Sal Salsa de Soja/Picantes Tempero Tomatados Vinagres/Otros Alimentos Secos Arroz Azúcar/Endulzantes Chocolatadas/Batidos Caldos/Sopas/Pure Cereales/Semillas Delicatessen Dulces Sólidos Dulces/Mermeladas/Miel Fideo/Lasaña/Pasta Galletitas Harinas / Almidón Legumbres secas Leche en Polvo/varios Postres en Polvo Repostería/ Pasteleria Salsas Celiacos Fideos/Fécula Galletitas/Postres Dietéticos/BC Diet/Bajas Calorias Enlatados Frutas Enlatadas Legumbres enlatadas Paté/Picadillo/Conservas Atún/Mariscos/Sardinas Golosinas Alfajores Caramelos/Chicles Chocolates Turrones Café/Té/Yerba Café Té Yerba Snacks Aceitunas/Champignon Bocaditos/ Pororo Mani Nachos/ Palitos Salados Varios snacks Papas Fritas Pepinos/Pickles Bazar Aire Libre Camping Conservadora/Champañera Terere/Mate Cocina Acces. Madera Acces. Acero Inox. Acces. Aluminio Acces. Plásticos Acces. Teflón Acces. Vidrios Ceramica/Porcelana/Loza Cubiertos Utensilios Cotillón Decoración Servicio de Mesa Vajillas Descartables Varios Decoración/Regalos Decoración Hogar Otros Decoración Organizadores del Hogar Lavado/Planchado Organizadores Vajillas Madera Vidrio Metal/Aluminio Plástico/Melamina Bebes Accesorios Alimentación Aseo Muebles y Seguridad Plásticos Alimentos Cereales Leche Preparados Perfumería Aceites Capilares Colonias y Fragancias Cremas Jabones Pañales desechables Talco Toallitas Humedas Bebidas con Alcohol Aperitivos Con Alcohol Bebidas Blancas Aguardientes Cognac/ Brandie Ron/Cachasa/Caña Tequila Vodka Cervezas Rubias Negras Espumantes Vinos Espumantes Sidras Licores Cremosos Normales Vinos Dulces Espumantes Finos Blancos Finos Rosados Finos Tintos Gasificados Tetra Whiskies Estándar Otros Premium Bebidas sin Alcohol Aguas Aguas Mineralizadas Especiales A,,,,,,unknown,
Horarios de entrega,Horarios de entrega Podes recibir tus compras el: Hoy 7: 17:00 a 18:00 hs. 18:00 a 19:00 hs. LISTA DE COMPRAS Aún no has agregado nada a la lista. BORRAR LISTA Categorias Almacén Aderezos/Condimentos Aceites Aderezos/Salsas Especias Ketchup Mayonesa Mostaza Sal Salsa de Soja/Picantes Tempero Tomatados Vinagres/Otros Alimentos Secos Arroz Azúcar/Endulzantes Chocolatadas/Batidos Caldos/Sopas/Pure Cereales/Semillas Delicatessen Dulces Sólidos Dulces/Mermeladas/Miel Fideo/Lasaña/Pasta Galletitas Harinas / Almidón Legumbres secas Leche en Polvo/varios Postres en Polvo Repostería/ Pasteleria Salsas Celiacos Fideos/Fécula Galletitas/Postres Dietéticos/BC Diet/Bajas Calorias Enlatados Frutas Enlatadas Legumbres enlatadas Paté/Picadillo/Conservas Atún/Mariscos/Sardinas Golosinas Alfajores Caramelos/Chicles Chocolates Turrones Café/Té/Yerba Café Té Yerba Snacks Aceitunas/Champignon Bocaditos/ Pororo Mani Nachos/ Palitos Salados Varios snacks Papas Fritas Pepinos/Pickles Bazar Aire Libre Camping Conservadora/Champañera Terere/Mate Cocina Acces. Madera Acces. Acero Inox. Acces. Aluminio Acces. Plásticos Acces. Teflón Acces. Vidrios Ceramica/Porcelana/Loza Cubiertos Utensilios Cotillón Decoración Servicio de Mesa Vajillas Descartables Varios Decoración/Regalos Decoración Hogar Otros Decoración Organizadores del Hogar Lavado/Planchado Organizadores Vajillas Madera Vidrio Metal/Aluminio Plástico/Melamina Bebes Accesorios Alimentación Aseo Muebles y Seguridad Plásticos Alimentos Cereales Leche Preparados Perfumería Aceites Capilares Colonias y Fragancias Cremas Jabones Pañales desechables Talco Toallitas Humedas Bebidas con Alcohol Aperitivos Con Alcohol Bebidas Blancas Aguardientes Cognac/ Brandie Ron/Cachasa/Caña Tequila Vodka Cervezas Rubias Negras Espumantes Vinos Espumantes Sidras Licores Cremosos Normales Vinos Dulces Espumantes Finos Blancos Finos Rosados Finos Tintos Gasificados Tetra Whiskies Estándar Otros Premium Bebidas sin Alcohol Aguas Aguas Mineralizadas Especiales A,,,,,,unknown,
Horarios de entrega,Horarios de entrega Podes recibir tus compras el: Hoy 7: 17:00 a 18:00 hs. 18:00 a 19:00 hs. LISTA DE COMPRAS Aún no has agregado nada a la lista. BORRAR LISTA Categorias Almacén Aderezos/Condimentos Aceites Aderezos/Salsas Especias Ketchup Mayonesa Mostaza Sal Salsa de Soja/Picantes Tempero Tomatados Vinagres/Otros Alimentos Secos Arroz Azúcar/Endulzantes Chocolatadas/Batidos Caldos/Sopas/Pure Cereales/Semillas Delicatessen Dulces Sólidos Dulces/Mermeladas/Miel Fideo/Lasaña/Pasta Galletitas Harinas / Almidón Legumbres secas Leche en Polvo/varios Postres en Polvo Repostería/ Pasteleria Salsas Celiacos Fideos/Fécula Galletitas/Postres Dietéticos/BC Diet/Bajas Calorias Enlatados Frutas Enlatadas Legumbres enlatadas Paté/Picadillo/Conservas Atún/Mariscos/Sardinas Golosinas Alfajores Caramelos/Chicles Chocolates Turrones Café/Té/Yerba Café Té Yerba Snacks Aceitunas/Champignon Bocaditos/ Pororo Mani Nachos/ Palitos Salados Varios snacks Papas Fritas Pepinos/Pickles Bazar Aire Libre Camping Conservadora/Champañera Terere/Mate Cocina Acces. Madera Acces. Acero Inox. Acces. Aluminio Acces. Plásticos Acces. Teflón Acces. Vidrios Ceramica/Porcelana/Loza Cubiertos Utensilios Cotillón Decoración Servicio de Mesa Vajillas Descartables Varios Decoración/Regalos Decoración Hogar Otros Decoración Organizadores del Hogar Lavado/Planchado Organizadores Vajillas Madera Vidrio Metal/Aluminio Plástico/Melamina Bebes Accesorios Alimentación Aseo Muebles y Seguridad Plásticos Alimentos Cereales Leche Preparados Perfumería Aceites Capilares Colonias y Fragancias Cremas Jabones Pañales desechables Talco Toallitas Humedas Bebidas con Alcohol Aperitivos Con Alcohol Bebidas Blancas Aguardientes Cognac/ Brandie Ron/Cachasa/Caña Tequila Vodka Cervezas Rubias Negras Espumantes Vinos Espumantes Sidras Licores Cremosos Normales Vinos Dulces Espumantes Finos Blancos Finos Rosados Finos Tintos Gasificados Tetra Whiskies Estándar Otros Premium Bebidas sin Alcohol Aguas Aguas Mineralizadas Especiales A,,,,,,unknown,
Horarios de entrega,Horarios de entrega Podes recibir tus compras el: Hoy 7: 17:00 a 18:00 hs. 18:00 a 19:00 hs. LISTA DE COMPRAS Aún no has agregado nada a la lista. BORRAR LISTA Categorias Almacén Aderezos/Condimentos Aceites Aderezos/Salsas Especias Ketchup Mayonesa Mostaza Sal Salsa de Soja/Picantes Tempero Tomatados Vinagres/Otros Alimentos Secos Arroz Azúcar/Endulzantes Chocolatadas/Batidos Caldos/Sopas/Pure Cereales/Semillas Delicatessen Dulces Sólidos Dulces/Mermeladas/Miel Fideo/Lasaña/Pasta Galletitas Harinas / Almidón Legumbres secas Leche en Polvo/varios Postres en Polvo Repostería/ Pasteleria Salsas Celiacos Fideos/Fécula Galletitas/Postres Dietéticos/BC Diet/Bajas Calorias Enlatados Frutas Enlatadas Legumbres enlatadas Paté/Picadillo/Conservas Atún/Mariscos/Sardinas Golosinas Alfajores Caramelos/Chicles Chocolates Turrones Café/Té/Yerba Café Té Yerba Snacks Aceitunas/Champignon Bocaditos/ Pororo Mani Nachos/ Palitos Salados Varios snacks Papas Fritas Pepinos/Pickles Bazar Aire Libre Camping Conservadora/Champañera Terere/Mate Cocina Acces. Madera Acces. Acero Inox. Acces. Aluminio Acces. Plásticos Acces. Teflón Acces. Vidrios Ceramica/Porcelana/Loza Cubiertos Utensilios Cotillón Decoración Servicio de Mesa Vajillas Descartables Varios Decoración/Regalos Decoración Hogar Otros Decoración Organizadores del Hogar Lavado/Planchado Organizadores Vajillas Madera Vidrio Metal/Aluminio Plástico/Melamina Bebes Accesorios Alimentación Aseo Muebles y Seguridad Plásticos Alimentos Cereales Leche Preparados Perfumería Aceites Capilares Colonias y Fragancias Cremas Jabones Pañales desechables Talco Toallitas Humedas Bebidas con Alcohol Aperitivos Con Alcohol Bebidas Blancas Aguardientes Cognac/ Brandie Ron/Cachasa/Caña Tequila Vodka Cervezas Rubias Negras Espumantes Vinos Espumantes Sidras Licores Cremosos Normales Vinos Dulces Espumantes Finos Blancos Finos Rosados Finos Tintos Gasificados Tetra Whiskies Estándar Otros Premium Bebidas sin Alcohol Aguas Aguas Mineralizadas Especiales A,,,,,,unknown,
Horarios de entrega,Horarios de entrega Podes recibir tus compras el: Hoy 7: 17:00 a 18:00 hs. 18:00 a 19:00 hs. LISTA DE COMPRAS Aún no has agregado nada a la lista. BORRAR LISTA Categorias Almacén Aderezos/Condimentos Aceites Aderezos/Salsas Especias Ketchup Mayonesa Mostaza Sal Salsa de Soja/Picantes Tempero Tomatados Vinagres/Otros Alimentos Secos Arroz Azúcar/Endulzantes Chocolatadas/Batidos Caldos/Sopas/Pure Cereales/Semillas Delicatessen Dulces Sólidos Dulces/Mermeladas/Miel Fideo/Lasaña/Pasta Galletitas Harinas / Almidón Legumbres secas Leche en Polvo/varios Postres en Polvo Repostería/ Pasteleria Salsas Celiacos Fideos/Fécula Galletitas/Postres Dietéticos/BC Diet/Bajas Calorias Enlatados Frutas Enlatadas Legumbres enlatadas Paté/Picadillo/Conservas Atún/Mariscos/Sardinas Golosinas Alfajores Caramelos/Chicles Chocolates Turrones Café/Té/Yerba Café Té Yerba Snacks Aceitunas/Champignon Bocaditos/ Pororo Mani Nachos/ Palitos Salados Varios snacks Papas Fritas Pepinos/Pickles Bazar Aire Libre Camping Conservadora/Champañera Terere/Mate Cocina Acces. Madera Acces. Acero Inox. Acces. Aluminio Acces. Plásticos Acces. Teflón Acces. Vidrios Ceramica/Porcelana/Loza Cubiertos Utensilios Cotillón Decoración Servicio de Mesa Vajillas Descartables Varios Decoración/Regalos Decoración Hogar Otros Decoración Organizadores del Hogar Lavado/Planchado Organizadores Vajillas Madera Vidrio Metal/Aluminio Plástico/Melamina Bebes Accesorios Alimentación Aseo Muebles y Seguridad Plásticos Alimentos Cereales Leche Preparados Perfumería Aceites Capilares Colonias y Fragancias Cremas Jabones Pañales desechables Talco Toallitas Humedas Bebidas con Alcohol Aperitivos Con Alcohol Bebidas Blancas Aguardientes Cognac/ Brandie Ron/Cachasa/Caña Tequila Vodka Cervezas Rubias Negras Espumantes Vinos Espumantes Sidras Licores Cremosos Normales Vinos Dulces Espumantes Finos Blancos Finos Rosados Finos Tintos Gasificados Tetra Whiskies Estándar Otros Premium Bebidas sin Alcohol Aguas Aguas Mineralizadas Especiales A,,025,,,,unknown,
Horarios de entrega,Horarios de entrega Podes recibir tus compras el: Hoy 7: 17:00 a 18:00 hs. 18:00 a 19:00 hs. LISTA DE COMPRAS Aún no has agregado nada a la lista. BORRAR LISTA Categorias Almacén Aderezos/Condimentos Aceites Aderezos/Salsas Especias Ketchup Mayonesa Mostaza Sal Salsa de Soja/Picantes Tempero Tomatados Vinagres/Otros Alimentos Secos Arroz Azúcar/Endulzantes Chocolatadas/Batidos Caldos/Sopas/Pure Cereales/Semillas Delicatessen Dulces Sólidos Dulces/Mermeladas/Miel Fideo/Lasaña/Pasta Galletitas Harinas / Almidón Legumbres secas Leche en Polvo/varios Postres en Polvo Repostería/ Pasteleria Salsas Celiacos Fideos/Fécula Galletitas/Postres Dietéticos/BC Diet/Bajas Calorias Enlatados Frutas Enlatadas Legumbres enlatadas Paté/Picadillo/Conservas Atún/Mariscos/Sardinas Golosinas Alfajores Caramelos/Chicles Chocolates Turrones Café/Té/Yerba Café Té Yerba Snacks Aceitunas/Champignon Bocaditos/ Pororo Mani Nachos/ Palitos Salados Varios snacks Papas Fritas Pepinos/Pickles Bazar Aire Libre Camping Conservadora/Champañera Terere/Mate Cocina Acces. Madera Acces. Acero Inox. Acces. Aluminio Acces. Plásticos Acces. Teflón Acces. Vidrios Ceramica/Porcelana/Loza Cubiertos Utensilios Cotillón Decoración Servicio de Mesa Vajillas Descartables Varios Decoración/Regalos Decoración Hogar Otros Decoración Organizadores del Hogar Lavado/Planchado Organizadores Vajillas Madera Vidrio Metal/Aluminio Plástico/Melamina Bebes Accesorios Alimentación Aseo Muebles y Seguridad Plásticos Alimentos Cereales Leche Preparados Perfumería Aceites Capilares Colonias y Fragancias Cremas Jabones Pañales desechables Talco Toallitas Humedas Bebidas con Alcohol Aperitivos Con Alcohol Bebidas Blancas Aguardientes Cognac/ Brandie Ron/Cachasa/Caña Tequila Vodka Cervezas Rubias Negras Espumantes Vinos Espumantes Sidras Licores Cremosos Normales Vinos Dulces Espumantes Finos Blancos Finos Rosados Finos Tintos Gasificados Tetra Whiskies Estándar Otros Premium Bebidas sin Alcohol Aguas Aguas Mineralizadas Especiales A,,,,,,unknown,
Horarios de entrega,Horarios de entrega Podes recibir tus compras el: Hoy 7: 17:00 a 18:00 hs. 18:00 a 19:00 hs. LISTA DE COMPRAS Aún no has agregado nada a la lista. BORRAR LISTA Categorias Almacén Aderezos/Condimentos Aceites Aderezos/Salsas Especias Ketchup Mayonesa Mostaza Sal Salsa de Soja/Picantes Tempero Tomatados Vinagres/Otros Alimentos Secos Arroz Azúcar/Endulzantes Chocolatadas/Batidos Caldos/Sopas/Pure Cereales/Semillas Delicatessen Dulces Sólidos Dulces/Mermeladas/Miel Fideo/Lasaña/Pasta Galletitas Harinas / Almidón Legumbres secas Leche en Polvo/varios Postres en Polvo Repostería/ Pasteleria Salsas Celiacos Fideos/Fécula Galletitas/Postres Dietéticos/BC Diet/Bajas Calorias Enlatados Frutas Enlatadas Legumbres enlatadas Paté/Picadillo/Conservas Atún/Mariscos/Sardinas Golosinas Alfajores Caramelos/Chicles Chocolates Turrones Café/Té/Yerba Café Té Yerba Snacks Aceitunas/Champignon Bocaditos/ Pororo Mani Nachos/ Palitos Salados Varios snacks Papas Fritas Pepinos/Pickles Bazar Aire Libre Camping Conservadora/Champañera Terere/Mate Cocina Acces. Madera Acces. Acero Inox. Acces. Aluminio Acces. Plásticos Acces. Teflón Acces. Vidrios Ceramica/Porcelana/Loza Cubiertos Utensilios Cotillón Decoración Servicio de Mesa Vajillas Descartables Varios Decoración/Regalos Decoración Hogar Otros Decoración Organizadores del Hogar Lavado/Planchado Organizadores Vajillas Madera Vidrio Metal/Aluminio Plástico/Melamina Bebes Accesorios Alimentación Aseo Muebles y Seguridad Plásticos Alimentos Cereales Leche Preparados Perfumería Aceites Capilares Colonias y Fragancias Cremas Jabones Pañales desechables Talco Toallitas Humedas Bebidas con Alcohol Aperitivos Con Alcohol Bebidas Blancas Aguardientes Cognac/ Brandie Ron/Cachasa/Caña Tequila Vodka Cervezas Rubias Negras Espumantes Vinos Espumantes Sidras Licores Cremosos Normales Vinos Dulces Espumantes Finos Blancos Finos Rosados Finos Tintos Gasificados Tetra Whiskies Estándar Otros Premium Bebidas sin Alcohol Aguas Aguas Mineralizadas Especiales A,,0.00,,,,unknown,
Horarios de entrega,Horarios de entrega Podes recibir tus compras el: Hoy 7: 17:00 a 18:00 hs. 18:00 a 19:00 hs. LISTA DE COMPRAS Aún no has agregado nada a la lista. BORRAR LISTA Categorias Almacén Aderezos/Condimentos Aceites Aderezos/Salsas Especias Ketchup Mayonesa Mostaza Sal Salsa de Soja/Picantes Tempero Tomatados Vinagres/Otros Alimentos Secos Arroz Azúcar/Endulzantes Chocolatadas/Batidos Caldos/Sopas/Pure Cereales/Semillas Delicatessen Dulces Sólidos Dulces/Mermeladas/Miel Fideo/Lasaña/Pasta Galletitas Harinas / Almidón Legumbres secas Leche en Polvo/varios Postres en Polvo Repostería/ Pasteleria Salsas Celiacos Fideos/Fécula Galletitas/Postres Dietéticos/BC Diet/Bajas Calorias Enlatados Frutas Enlatadas Legumbres enlatadas Paté/Picadillo/Conservas Atún/Mariscos/Sardinas Golosinas Alfajores Caramelos/Chicles Chocolates Turrones Café/Té/Yerba Café Té Yerba Snacks Aceitunas/Champignon Bocaditos/ Pororo Mani Nachos/ Palitos Salados Varios snacks Papas Fritas Pepinos/Pickles Bazar Aire Libre Camping Conservadora/Champañera Terere/Mate Cocina Acces. Madera Acces. Acero Inox. Acces. Aluminio Acces. Plásticos Acces. Teflón Acces. Vidrios Ceramica/Porcelana/Loza Cubiertos Utensilios Cotillón Decoración Servicio de Mesa Vajillas Descartables Varios Decoración/Regalos Decoración Hogar Otros Decoración Organizadores del Hogar Lavado/Planchado Organizadores Vajillas Madera Vidrio Metal/Aluminio Plástico/Melamina Bebes Accesorios Alimentación Aseo Muebles y Seguridad Plásticos Alimentos Cereales Leche Preparados Perfumería Aceites Capilares Colonias y Fragancias Cremas Jabones Pañales desechables Talco Toallitas Humedas Bebidas con Alcohol Aperitivos Con Alcohol Bebidas Blancas Aguardientes Cognac/ Brandie Ron/Cachasa/Caña Tequila Vodka Cervezas Rubias Negras Espumantes Vinos Espumantes Sidras Licores Cremosos Normales Vinos Dulces Espumantes Finos Blancos Finos Rosados Finos Tintos Gasificados Tetra Whiskies Estándar Otros Premium Bebidas sin Alcohol Aguas Aguas Mineralizadas Especiales A,,100,,,,unknown,
Horarios de entrega,Horarios de entrega Podes recibir tus compras el: Hoy 7: 17:00 a 18:00 hs. 18:00 a 19:00 hs. LISTA DE COMPRAS Aún no has agregado nada a la lista. BORRAR LISTA Categorias Almacén Aderezos/Condimentos Aceites Aderezos/Salsas Especias Ketchup Mayonesa Mostaza Sal Salsa de Soja/Picantes Tempero Tomatados Vinagres/Otros Alimentos Secos Arroz Azúcar/Endulzantes Chocolatadas/Batidos Caldos/Sopas/Pure Cereales/Semillas Delicatessen Dulces Sólidos Dulces/Mermeladas/Miel Fideo/Lasaña/Pasta Galletitas Harinas / Almidón Legumbres secas Leche en Polvo/varios Postres en Polvo Repostería/ Pasteleria Salsas Celiacos Fideos/Fécula Galletitas/Postres Dietéticos/BC Diet/Bajas Calorias Enlatados Frutas Enlatadas Legumbres enlatadas Paté/Picadillo/Conservas Atún/Mariscos/Sardinas Golosinas Alfajores Caramelos/Chicles Chocolates Turrones Café/Té/Yerba Café Té Yerba Snacks Aceitunas/Champignon Bocaditos/ Pororo Mani Nachos/ Palitos Salados Varios snacks Papas Fritas Pepinos/Pickles Bazar Aire Libre Camping Conservadora/Champañera Terere/Mate Cocina Acces. Madera Acces. Acero Inox. Acces. Aluminio Acces. Plásticos Acces. Teflón Acces. Vidrios Ceramica/Porcelana/Loza Cubiertos Utensilios Cotillón Decoración Servicio de Mesa Vajillas Descartables Varios Decoración/Regalos Decoración Hogar Otros Decoración Organizadores del Hogar Lavado/Planchado Organizadores Vajillas Madera Vidrio Metal/Aluminio Plástico/Melamina Bebes Accesorios Alimentación Aseo Muebles y Seguridad Plásticos Alimentos Cereales Leche Preparados Perfumería Aceites Capilares Colonias y Fragancias Cremas Jabones Pañales desechables Talco Toallitas Humedas Bebidas con Alcohol Aperitivos Con Alcohol Bebidas Blancas Aguardientes Cognac/ Brandie Ron/Cachasa/Caña Tequila Vodka Cervezas Rubias Negras Espumantes Vinos Espumantes Sidras Licores Cremosos Normales Vinos Dulces Espumantes Finos Blancos Finos Rosados Finos Tintos Gasificados Tetra Whiskies Estándar Otros Premium Bebidas sin Alcohol Aguas Aguas Mineralizadas Especiales A,,050,,,,unknown,
¡Lo mejor te está esperando!,¡Lo mejor te está esperando! Descarga la app Departamentos Inicia sesión Ofertas de la semana Listas Alsuper Club Alsuper Alsuper card Estás en Alsuper Plus Leones 90 min Inicio > Lácteos Y Huevo > Huevo > Huevo Blanco Con 30 Mybrand 1 Cartera Detalles: Nuestros huevos blancos MyBrand en paquete de 30 piezas son ideales para hogares con mayor demanda. Aprovecha su frescura y calidad para disfrutar de tus platillos favoritos con la mejor calidad. ... Ver más Huevo blanco con 30 Mybrand 1 cartera $91.90 $109.90 Agregar al carrito Favoritos Agregar a una lista Recomendados $99.90 $117.90 Huevo Blanco Con 30 Bachoco 1 Carte... 1 CA Agregar $98.90 $111.90 Huevo Blanco Con 30 San Juan 1 Cart... 1 CA Agregar $61.90 $70.90 Huevo Blanco Con 18 Bachoco 1 Carte... 1 CA Agregar -22% $42.90 $54.90 Huevo Blanco Con 12 Bachoco 1 Carte... 1 CA Agregar $91.90 $109.90 Huevo Blanco Con 30 Huizache 1 Cart... 1 CA Agregar $41.90 $47.90 Huevo Blanco Con 12 San Juan 1 Cart... 1 CA Agregar $91.90 $109.90 Huevo Blanco Con 30 Huevissimo 1 Ca... 1 CA Agregar $91.90 $109.90 Huevo Blanco Con 30 Mybrand 1 Carte... 1 CA Agregar $61.90 $69.90 Huevo Blanco Con 18 San Juan 1 Cart... 1 CA Agregar $37.90 $42.90 Huevo Blanco Con 12 Huizache 1 Car... 1 CA Agregar $88.90 $98.90 Huevo Blanco Jumbo Con 20 Mybrand 1... 1 CA Agregar $56.90 $63.90 Huevo Blanco Cage Free Con 12 Bacho... 1 CA Agregar $43.90 $48.90 Huevo Blanco Con 12 Mybrand 1 Carte... 1 CA Agregar $79.90 Huevo Blanco Organico 12 Pzs Campo ... 1 CA Agregar -21% $69.90 $87.90 Mayonesa Hellmanns 790 G 790 GR Agregar $35.90 Yoghurth Griego Flip Key Lime Cho... 128 GR Agregar $69.90 Mostaza Preparada French's 340 G 340 GR Agregar $23.90 Leche Evaporada Carnation 360 G 360 GR Agregar -24% $39.90 $51.90 Crema Acida Lala 426 Ml 426 ML Agregar $43.90 $51.90 Leche Fresca Entera Zaragoza 1.8 ... 1.8 LT Agregar -24% $45.90 $59.90 Leche Entera Lala 1.8 Lt 1.8 LT Agregar 2 x $65 $37.90 Leche Uht Deslactosada Semidescremad... 1 LT Agregar 2 x $65 $37.90 Lech,,9190,,,,unknown,
Horarios de entrega,Horarios de entrega Podes recibir tus compras el: Hoy 7: 17:00 a 18:00 hs. 18:00 a 19:00 hs. LISTA DE COMPRAS Aún no has agregado nada a la lista. BORRAR LISTA Categorias Almacén Aderezos/Condimentos Aceites Aderezos/Salsas Especias Ketchup Mayonesa Mostaza Sal Salsa de Soja/Picantes Tempero Tomatados Vinagres/Otros Alimentos Secos Arroz Azúcar/Endulzantes Chocolatadas/Batidos Caldos/Sopas/Pure Cereales/Semillas Delicatessen Dulces Sólidos Dulces/Mermeladas/Miel Fideo/Lasaña/Pasta Galletitas Harinas / Almidón Legumbres secas Leche en Polvo/varios Postres en Polvo Repostería/ Pasteleria Salsas Celiacos Fideos/Fécula Galletitas/Postres Dietéticos/BC Diet/Bajas Calorias Enlatados Frutas Enlatadas Legumbres enlatadas Paté/Picadillo/Conservas Atún/Mariscos/Sardinas Golosinas Alfajores Caramelos/Chicles Chocolates Turrones Café/Té/Yerba Café Té Yerba Snacks Aceitunas/Champignon Bocaditos/ Pororo Mani Nachos/ Palitos Salados Varios snacks Papas Fritas Pepinos/Pickles Bazar Aire Libre Camping Conservadora/Champañera Terere/Mate Cocina Acces. Madera Acces. Acero Inox. Acces. Aluminio Acces. Plásticos Acces. Teflón Acces. Vidrios Ceramica/Porcelana/Loza Cubiertos Utensilios Cotillón Decoración Servicio de Mesa Vajillas Descartables Varios Decoración/Regalos Decoración Hogar Otros Decoración Organizadores del Hogar Lavado/Planchado Organizadores Vajillas Madera Vidrio Metal/Aluminio Plástico/Melamina Bebes Accesorios Alimentación Aseo Muebles y Seguridad Plásticos Alimentos Cereales Leche Preparados Perfumería Aceites Capilares Colonias y Fragancias Cremas Jabones Pañales desechables Talco Toallitas Humedas Bebidas con Alcohol Aperitivos Con Alcohol Bebidas Blancas Aguardientes Cognac/ Brandie Ron/Cachasa/Caña Tequila Vodka Cervezas Rubias Negras Espumantes Vinos Espumantes Sidras Licores Cremosos Normales Vinos Dulces Espumantes Finos Blancos Finos Rosados Finos Tintos Gasificados Tetra Whiskies Estándar Otros Premium Bebidas sin Alcohol Aguas Aguas Mineralizadas Especiales A,,,,,,unknown,
Horarios de entrega,Horarios de entrega Podes recibir tus compras el: Hoy 7: 17:00 a 18:00 hs. 18:00 a 19:00 hs. LISTA DE COMPRAS Aún no has agregado nada a la lista. BORRAR LISTA Categorias Almacén Aderezos/Condimentos Aceites Aderezos/Salsas Especias Ketchup Mayonesa Mostaza Sal Salsa de Soja/Picantes Tempero Tomatados Vinagres/Otros Alimentos Secos Arroz Azúcar/Endulzantes Chocolatadas/Batidos Caldos/Sopas/Pure Cereales/Semillas Delicatessen Dulces Sólidos Dulces/Mermeladas/Miel Fideo/Lasaña/Pasta Galletitas Harinas / Almidón Legumbres secas Leche en Polvo/varios Postres en Polvo Repostería/ Pasteleria Salsas Celiacos Fideos/Fécula Galletitas/Postres Dietéticos/BC Diet/Bajas Calorias Enlatados Frutas Enlatadas Legumbres enlatadas Paté/Picadillo/Conservas Atún/Mariscos/Sardinas Golosinas Alfajores Caramelos/Chicles Chocolates Turrones Café/Té/Yerba Café Té Yerba Snacks Aceitunas/Champignon Bocaditos/ Pororo Mani Nachos/ Palitos Salados Varios snacks Papas Fritas Pepinos/Pickles Bazar Aire Libre Camping Conservadora/Champañera Terere/Mate Cocina Acces. Madera Acces. Acero Inox. Acces. Aluminio Acces. Plásticos Acces. Teflón Acces. Vidrios Ceramica/Porcelana/Loza Cubiertos Utensilios Cotillón Decoración Servicio de Mesa Vajillas Descartables Varios Decoración/Regalos Decoración Hogar Otros Decoración Organizadores del Hogar Lavado/Planchado Organizadores Vajillas Madera Vidrio Metal/Aluminio Plástico/Melamina Bebes Accesorios Alimentación Aseo Muebles y Seguridad Plásticos Alimentos Cereales Leche Preparados Perfumería Aceites Capilares Colonias y Fragancias Cremas Jabones Pañales desechables Talco Toallitas Humedas Bebidas con Alcohol Aperitivos Con Alcohol Bebidas Blancas Aguardientes Cognac/ Brandie Ron/Cachasa/Caña Tequila Vodka Cervezas Rubias Negras Espumantes Vinos Espumantes Sidras Licores Cremosos Normales Vinos Dulces Espumantes Finos Blancos Finos Rosados Finos Tintos Gasificados Tetra Whiskies Estándar Otros Premium Bebidas sin Alcohol Aguas Aguas Mineralizadas Especiales A,,,,,,unknown,
Horarios de entrega,Horarios de entrega Podes recibir tus compras el: Hoy 7: 17:00 a 18:00 hs. 18:00 a 19:00 hs. LISTA DE COMPRAS Aún no has agregado nada a la lista. BORRAR LISTA Categorias Almacén Aderezos/Condimentos Aceites Aderezos/Salsas Especias Ketchup Mayonesa Mostaza Sal Salsa de Soja/Picantes Tempero Tomatados Vinagres/Otros Alimentos Secos Arroz Azúcar/Endulzantes Chocolatadas/Batidos Caldos/Sopas/Pure Cereales/Semillas Delicatessen Dulces Sólidos Dulces/Mermeladas/Miel Fideo/Lasaña/Pasta Galletitas Harinas / Almidón Legumbres secas Leche en Polvo/varios Postres en Polvo Repostería/ Pasteleria Salsas Celiacos Fideos/Fécula Galletitas/Postres Dietéticos/BC Diet/Bajas Calorias Enlatados Frutas Enlatadas Legumbres enlatadas Paté/Picadillo/Conservas Atún/Mariscos/Sardinas Golosinas Alfajores Caramelos/Chicles Chocolates Turrones Café/Té/Yerba Café Té Yerba Snacks Aceitunas/Champignon Bocaditos/ Pororo Mani Nachos/ Palitos Salados Varios snacks Papas Fritas Pepinos/Pickles Bazar Aire Libre Camping Conservadora/Champañera Terere/Mate Cocina Acces. Madera Acces. Acero Inox. Acces. Aluminio Acces. Plásticos Acces. Teflón Acces. Vidrios Ceramica/Porcelana/Loza Cubiertos Utensilios Cotillón Decoración Servicio de Mesa Vajillas Descartables Varios Decoración/Regalos Decoración Hogar Otros Decoración Organizadores del Hogar Lavado/Planchado Organizadores Vajillas Madera Vidrio Metal/Aluminio Plástico/Melamina Bebes Accesorios Alimentación Aseo Muebles y Seguridad Plásticos Alimentos Cereales Leche Preparados Perfumería Aceites Capilares Colonias y Fragancias Cremas Jabones Pañales desechables Talco Toallitas Humedas Bebidas con Alcohol Aperitivos Con Alcohol Bebidas Blancas Aguardientes Cognac/ Brandie Ron/Cachasa/Caña Tequila Vodka Cervezas Rubias Negras Espumantes Vinos Espumantes Sidras Licores Cremosos Normales Vinos Dulces Espumantes Finos Blancos Finos Rosados Finos Tintos Gasificados Tetra Whiskies Estándar Otros Premium Bebidas sin Alcohol Aguas Aguas Mineralizadas Especiales A,,,,,,unknown,
Horarios de entrega,Horarios de entrega Podes recibir tus compras el: Hoy 7: 17:00 a 18:00 hs. 18:00 a 19:00 hs. LISTA DE COMPRAS Aún no has agregado nada a la lista. BORRAR LISTA Categorias Almacén Aderezos/Condimentos Aceites Aderezos/Salsas Especias Ketchup Mayonesa Mostaza Sal Salsa de Soja/Picantes Tempero Tomatados Vinagres/Otros Alimentos Secos Arroz Azúcar/Endulzantes Chocolatadas/Batidos Caldos/Sopas/Pure Cereales/Semillas Delicatessen Dulces Sólidos Dulces/Mermeladas/Miel Fideo/Lasaña/Pasta Galletitas Harinas / Almidón Legumbres secas Leche en Polvo/varios Postres en Polvo Repostería/ Pasteleria Salsas Celiacos Fideos/Fécula Galletitas/Postres Dietéticos/BC Diet/Bajas Calorias Enlatados Frutas Enlatadas Legumbres enlatadas Paté/Picadillo/Conservas Atún/Mariscos/Sardinas Golosinas Alfajores Caramelos/Chicles Chocolates Turrones Café/Té/Yerba Café Té Yerba Snacks Aceitunas/Champignon Bocaditos/ Pororo Mani Nachos/ Palitos Salados Varios snacks Papas Fritas Pepinos/Pickles Bazar Aire Libre Camping Conservadora/Champañera Terere/Mate Cocina Acces. Madera Acces. Acero Inox. Acces. Aluminio Acces. Plásticos Acces. Teflón Acces. Vidrios Ceramica/Porcelana/Loza Cubiertos Utensilios Cotillón Decoración Servicio de Mesa Vajillas Descartables Varios Decoración/Regalos Decoración Hogar Otros Decoración Organizadores del Hogar Lavado/Planchado Organizadores Vajillas Madera Vidrio Metal/Aluminio Plástico/Melamina Bebes Accesorios Alimentación Aseo Muebles y Seguridad Plásticos Alimentos Cereales Leche Preparados Perfumería Aceites Capilares Colonias y Fragancias Cremas Jabones Pañales desechables Talco Toallitas Humedas Bebidas con Alcohol Aperitivos Con Alcohol Bebidas Blancas Aguardientes Cognac/ Brandie Ron/Cachasa/Caña Tequila Vodka Cervezas Rubias Negras Espumantes Vinos Espumantes Sidras Licores Cremosos Normales Vinos Dulces Espumantes Finos Blancos Finos Rosados Finos Tintos Gasificados Tetra Whiskies Estándar Otros Premium Bebidas sin Alcohol Aguas Aguas Mineralizadas Especiales A,,,,,,unknown,
Horarios de entrega,Horarios de entrega Podes recibir tus compras el: Hoy 7: 17:00 a 18:00 hs. 18:00 a 19:00 hs. LISTA DE COMPRAS Aún no has agregado nada a la lista. BORRAR LISTA Categorias Almacén Aderezos/Condimentos Aceites Aderezos/Salsas Especias Ketchup Mayonesa Mostaza Sal Salsa de Soja/Picantes Tempero Tomatados Vinagres/Otros Alimentos Secos Arroz Azúcar/Endulzantes Chocolatadas/Batidos Caldos/Sopas/Pure Cereales/Semillas Delicatessen Dulces Sólidos Dulces/Mermeladas/Miel Fideo/Lasaña/Pasta Galletitas Harinas / Almidón Legumbres secas Leche en Polvo/varios Postres en Polvo Repostería/ Pasteleria Salsas Celiacos Fideos/Fécula Galletitas/Postres Dietéticos/BC Diet/Bajas Calorias Enlatados Frutas Enlatadas Legumbres enlatadas Paté/Picadillo/Conservas Atún/Mariscos/Sardinas Golosinas Alfajores Caramelos/Chicles Chocolates Turrones Café/Té/Yerba Café Té Yerba Snacks Aceitunas/Champignon Bocaditos/ Pororo Mani Nachos/ Palitos Salados Varios snacks Papas Fritas Pepinos/Pickles Bazar Aire Libre Camping Conservadora/Champañera Terere/Mate Cocina Acces. Madera Acces. Acero Inox. Acces. Aluminio Acces. Plásticos Acces. Teflón Acces. Vidrios Ceramica/Porcelana/Loza Cubiertos Utensilios Cotillón Decoración Servicio de Mesa Vajillas Descartables Varios Decoración/Regalos Decoración Hogar Otros Decoración Organizadores del Hogar Lavado/Planchado Organizadores Vajillas Madera Vidrio Metal/Aluminio Plástico/Melamina Bebes Accesorios Alimentación Aseo Muebles y Seguridad Plásticos Alimentos Cereales Leche Preparados Perfumería Aceites Capilares Colonias y Fragancias Cremas Jabones Pañales desechables Talco Toallitas Humedas Bebidas con Alcohol Aperitivos Con Alcohol Bebidas Blancas Aguardientes Cognac/ Brandie Ron/Cachasa/Caña Tequila Vodka Cervezas Rubias Negras Espumantes Vinos Espumantes Sidras Licores Cremosos Normales Vinos Dulces Espumantes Finos Blancos Finos Rosados Finos Tintos Gasificados Tetra Whiskies Estándar Otros Premium Bebidas sin Alcohol Aguas Aguas Mineralizadas Especiales A,,0.00,,,,unknown,
Horarios de entrega,Horarios de entrega Podes recibir tus compras el: Hoy 7: 17:00 a 18:00 hs. 18:00 a 19:00 hs. LISTA DE COMPRAS Aún no has agregado nada a la lista. BORRAR LISTA Categorias Almacén Aderezos/Condimentos Aceites Aderezos/Salsas Especias Ketchup Mayonesa Mostaza Sal Salsa de Soja/Picantes Tempero Tomatados Vinagres/Otros Alimentos Secos Arroz Azúcar/Endulzantes Chocolatadas/Batidos Caldos/Sopas/Pure Cereales/Semillas Delicatessen Dulces Sólidos Dulces/Mermeladas/Miel Fideo/Lasaña/Pasta Galletitas Harinas / Almidón Legumbres secas Leche en Polvo/varios Postres en Polvo Repostería/ Pasteleria Salsas Celiacos Fideos/Fécula Galletitas/Postres Dietéticos/BC Diet/Bajas Calorias Enlatados Frutas Enlatadas Legumbres enlatadas Paté/Picadillo/Conservas Atún/Mariscos/Sardinas Golosinas Alfajores Caramelos/Chicles Chocolates Turrones Café/Té/Yerba Café Té Yerba Snacks Aceitunas/Champignon Bocaditos/ Pororo Mani Nachos/ Palitos Salados Varios snacks Papas Fritas Pepinos/Pickles Bazar Aire Libre Camping Conservadora/Champañera Terere/Mate Cocina Acces. Madera Acces. Acero Inox. Acces. Aluminio Acces. Plásticos Acces. Teflón Acces. Vidrios Ceramica/Porcelana/Loza Cubiertos Utensilios Cotillón Decoración Servicio de Mesa Vajillas Descartables Varios Decoración/Regalos Decoración Hogar Otros Decoración Organizadores del Hogar Lavado/Planchado Organizadores Vajillas Madera Vidrio Metal/Aluminio Plástico/Melamina Bebes Accesorios Alimentación Aseo Muebles y Seguridad Plásticos Alimentos Cereales Leche Preparados Perfumería Aceites Capilares Colonias y Fragancias Cremas Jabones Pañales desechables Talco Toallitas Humedas Bebidas con Alcohol Aperitivos Con Alcohol Bebidas Blancas Aguardientes Cognac/ Brandie Ron/Cachasa/Caña Tequila Vodka Cervezas Rubias Negras Espumantes Vinos Espumantes Sidras Licores Cremosos Normales Vinos Dulces Espumantes Finos Blancos Finos Rosados Finos Tintos Gasificados Tetra Whiskies Estándar Otros Premium Bebidas sin Alcohol Aguas Aguas Mineralizadas Especiales A,,,,,,unknown,
Horarios de entrega,Horarios de entrega Podes recibir tus compras el: Hoy 7: 17:00 a 18:00 hs. 18:00 a 19:00 hs. LISTA DE COMPRAS Aún no has agregado nada a la lista. BORRAR LISTA Categorias Almacén Aderezos/Condimentos Aceites Aderezos/Salsas Especias Ketchup Mayonesa Mostaza Sal Salsa de Soja/Picantes Tempero Tomatados Vinagres/Otros Alimentos Secos Arroz Azúcar/Endulzantes Chocolatadas/Batidos Caldos/Sopas/Pure Cereales/Semillas Delicatessen Dulces Sólidos Dulces/Mermeladas/Miel Fideo/Lasaña/Pasta Galletitas Harinas / Almidón Legumbres secas Leche en Polvo/varios Postres en Polvo Repostería/ Pasteleria Salsas Celiacos Fideos/Fécula Galletitas/Postres Dietéticos/BC Diet/Bajas Calorias Enlatados Frutas Enlatadas Legumbres enlatadas Paté/Picadillo/Conservas Atún/Mariscos/Sardinas Golosinas Alfajores Caramelos/Chicles Chocolates Turrones Café/Té/Yerba Café Té Yerba Snacks Aceitunas/Champignon Bocaditos/ Pororo Mani Nachos/ Palitos Salados Varios snacks Papas Fritas Pepinos/Pickles Bazar Aire Libre Camping Conservadora/Champañera Terere/Mate Cocina Acces. Madera Acces. Acero Inox. Acces. Aluminio Acces. Plásticos Acces. Teflón Acces. Vidrios Ceramica/Porcelana/Loza Cubiertos Utensilios Cotillón Decoración Servicio de Mesa Vajillas Descartables Varios Decoración/Regalos Decoración Hogar Otros Decoración Organizadores del Hogar Lavado/Planchado Organizadores Vajillas Madera Vidrio Metal/Aluminio Plástico/Melamina Bebes Accesorios Alimentación Aseo Muebles y Seguridad Plásticos Alimentos Cereales Leche Preparados Perfumería Aceites Capilares Colonias y Fragancias Cremas Jabones Pañales desechables Talco Toallitas Humedas Bebidas con Alcohol Aperitivos Con Alcohol Bebidas Blancas Aguardientes Cognac/ Brandie Ron/Cachasa/Caña Tequila Vodka Cervezas Rubias Negras Espumantes Vinos Espumantes Sidras Licores Cremosos Normales Vinos Dulces Espumantes Finos Blancos Finos Rosados Finos Tintos Gasificados Tetra Whiskies Estándar Otros Premium Bebidas sin Alcohol Aguas Aguas Mineralizadas Especiales A,,,,,,unknown,
Horarios de entrega,Horarios de entrega Podes recibir tus compras el: Hoy 7: 17:00 a 18:00 hs. 18:00 a 19:00 hs. LISTA DE COMPRAS Aún no has agregado nada a la lista. BORRAR LISTA Categorias Almacén Aderezos/Condimentos Aceites Aderezos/Salsas Especias Ketchup Mayonesa Mostaza Sal Salsa de Soja/Picantes Tempero Tomatados Vinagres/Otros Alimentos Secos Arroz Azúcar/Endulzantes Chocolatadas/Batidos Caldos/Sopas/Pure Cereales/Semillas Delicatessen Dulces Sólidos Dulces/Mermeladas/Miel Fideo/Lasaña/Pasta Galletitas Harinas / Almidón Legumbres secas Leche en Polvo/varios Postres en Polvo Repostería/ Pasteleria Salsas Celiacos Fideos/Fécula Galletitas/Postres Dietéticos/BC Diet/Bajas Calorias Enlatados Frutas Enlatadas Legumbres enlatadas Paté/Picadillo/Conservas Atún/Mariscos/Sardinas Golosinas Alfajores Caramelos/Chicles Chocolates Turrones Café/Té/Yerba Café Té Yerba Snacks Aceitunas/Champignon Bocaditos/ Pororo Mani Nachos/ Palitos Salados Varios snacks Papas Fritas Pepinos/Pickles Bazar Aire Libre Camping Conservadora/Champañera Terere/Mate Cocina Acces. Madera Acces. Acero Inox. Acces. Aluminio Acces. Plásticos Acces. Teflón Acces. Vidrios Ceramica/Porcelana/Loza Cubiertos Utensilios Cotillón Decoración Servicio de Mesa Vajillas Descartables Varios Decoración/Regalos Decoración Hogar Otros Decoración Organizadores del Hogar Lavado/Planchado Organizadores Vajillas Madera Vidrio Metal/Aluminio Plástico/Melamina Bebes Accesorios Alimentación Aseo Muebles y Seguridad Plásticos Alimentos Cereales Leche Preparados Perfumería Aceites Capilares Colonias y Fragancias Cremas Jabones Pañales desechables Talco Toallitas Humedas Bebidas con Alcohol Aperitivos Con Alcohol Bebidas Blancas Aguardientes Cognac/ Brandie Ron/Cachasa/Caña Tequila Vodka Cervezas Rubias Negras Espumantes Vinos Espumantes Sidras Licores Cremosos Normales Vinos Dulces Espumantes Finos Blancos Finos Rosados Finos Tintos Gasificados Tetra Whiskies Estándar Otros Premium Bebidas sin Alcohol Aguas Aguas Mineralizadas Especiales A,,,,,,unknown,
Horarios de entrega,Horarios de entrega Podes recibir tus compras el: Hoy 7: 17:00 a 18:00 hs. 18:00 a 19:00 hs. LISTA DE COMPRAS Aún no has agregado nada a la lista. BORRAR LISTA Categorias Almacén Aderezos/Condimentos Aceites Aderezos/Salsas Especias Ketchup Mayonesa Mostaza Sal Salsa de Soja/Picantes Tempero Tomatados Vinagres/Otros Alimentos Secos Arroz Azúcar/Endulzantes Chocolatadas/Batidos Caldos/Sopas/Pure Cereales/Semillas Delicatessen Dulces Sólidos Dulces/Mermeladas/Miel Fideo/Lasaña/Pasta Galletitas Harinas / Almidón Legumbres secas Leche en Polvo/varios Postres en Polvo Repostería/ Pasteleria Salsas Celiacos Fideos/Fécula Galletitas/Postres Dietéticos/BC Diet/Bajas Calorias Enlatados Frutas Enlatadas Legumbres enlatadas Paté/Picadillo/Conservas Atún/Mariscos/Sardinas Golosinas Alfajores Caramelos/Chicles Chocolates Turrones Café/Té/Yerba Café Té Yerba Snacks Aceitunas/Champignon Bocaditos/ Pororo Mani Nachos/ Palitos Salados Varios snacks Papas Fritas Pepinos/Pickles Bazar Aire Libre Camping Conservadora/Champañera Terere/Mate Cocina Acces. Madera Acces. Acero Inox. Acces. Aluminio Acces. Plásticos Acces. Teflón Acces. Vidrios Ceramica/Porcelana/Loza Cubiertos Utensilios Cotillón Decoración Servicio de Mesa Vajillas Descartables Varios Decoración/Regalos Decoración Hogar Otros Decoración Organizadores del Hogar Lavado/Planchado Organizadores Vajillas Madera Vidrio Metal/Aluminio Plástico/Melamina Bebes Accesorios Alimentación Aseo Muebles y Seguridad Plásticos Alimentos Cereales Leche Preparados Perfumería Aceites Capilares Colonias y Fragancias Cremas Jabones Pañales desechables Talco Toallitas Humedas Bebidas con Alcohol Aperitivos Con Alcohol Bebidas Blancas Aguardientes Cognac/ Brandie Ron/Cachasa/Caña Tequila Vodka Cervezas Rubias Negras Espumantes Vinos Espumantes Sidras Licores Cremosos Normales Vinos Dulces Espumantes Finos Blancos Finos Rosados Finos Tintos Gasificados Tetra Whiskies Estándar Otros Premium Bebidas sin Alcohol Aguas Aguas Mineralizadas Especiales A,,,,,,unknown,
Horarios de entrega,Horarios de entrega Podes recibir tus compras el: Hoy 7: 17:00 a 18:00 hs. 18:00 a 19:00 hs. LISTA DE COMPRAS Aún no has agregado nada a la lista. BORRAR LISTA Categorias Almacén Aderezos/Condimentos Aceites Aderezos/Salsas Especias Ketchup Mayonesa Mostaza Sal Salsa de Soja/Picantes Tempero Tomatados Vinagres/Otros Alimentos Secos Arroz Azúcar/Endulzantes Chocolatadas/Batidos Caldos/Sopas/Pure Cereales/Semillas Delicatessen Dulces Sólidos Dulces/Mermeladas/Miel Fideo/Lasaña/Pasta Galletitas Harinas / Almidón Legumbres secas Leche en Polvo/varios Postres en Polvo Repostería/ Pasteleria Salsas Celiacos Fideos/Fécula Galletitas/Postres Dietéticos/BC Diet/Bajas Calorias Enlatados Frutas Enlatadas Legumbres enlatadas Paté/Picadillo/Conservas Atún/Mariscos/Sardinas Golosinas Alfajores Caramelos/Chicles Chocolates Turrones Café/Té/Yerba Café Té Yerba Snacks Aceitunas/Champignon Bocaditos/ Pororo Mani Nachos/ Palitos Salados Varios snacks Papas Fritas Pepinos/Pickles Bazar Aire Libre Camping Conservadora/Champañera Terere/Mate Cocina Acces. Madera Acces. Acero Inox. Acces. Aluminio Acces. Plásticos Acces. Teflón Acces. Vidrios Ceramica/Porcelana/Loza Cubiertos Utensilios Cotillón Decoración Servicio de Mesa Vajillas Descartables Varios Decoración/Regalos Decoración Hogar Otros Decoración Organizadores del Hogar Lavado/Planchado Organizadores Vajillas Madera Vidrio Metal/Aluminio Plástico/Melamina Bebes Accesorios Alimentación Aseo Muebles y Seguridad Plásticos Alimentos Cereales Leche Preparados Perfumería Aceites Capilares Colonias y Fragancias Cremas Jabones Pañales desechables Talco Toallitas Humedas Bebidas con Alcohol Aperitivos Con Alcohol Bebidas Blancas Aguardientes Cognac/ Brandie Ron/Cachasa/Caña Tequila Vodka Cervezas Rubias Negras Espumantes Vinos Espumantes Sidras Licores Cremosos Normales Vinos Dulces Espumantes Finos Blancos Finos Rosados Finos Tintos Gasificados Tetra Whiskies Estándar Otros Premium Bebidas sin Alcohol Aguas Aguas Mineralizadas Especiales A,,,,,,unknown,
"Este sitio web utiliza cookies propias para optimizar la experiencia de nuestros clientes, analizar estadísticas de navegación del sitio y de terceros para brindar contenidos personalizados de acuerdo","Este sitio web utiliza cookies propias para optimizar la experiencia de nuestros clientes, analizar estadísticas de navegación del sitio y de terceros para brindar contenidos personalizados de acuerdo con sus preferencias. Al dar click en [Aceptar], autoriza el uso de cookies durante su navegación. Para más información, consulte nuestra Política de Cookies en el Aviso de Privacidad . Aceptar Supermercado Lacteos y huevo Leche Leche Santa Clara Entera 1L Santa Clara Leche Santa Clara Entera 1L Leche Santa Clara Entera 1L Referencia : 3019421 Información Leche entera ultrapasteurizada adicionada con vitaminas A y D Santa Clara 1L tetra brick Las imágenes del producto son únicamente de referencia, el diseño de etiquetas y el contenido (ml, L, Kg, g, piezas, etc) pueden cambiar y/o variar sin previo aviso. Mostrar más Características Importantes Con leche 100% de vaca y ultrapasteurizada con vapor. Adicionado con vitaminas A y D3 Contiene calcio Refrigérese después de abrir Comparte Vendido y entregado por: Chedraui $37.00 Agregar Descripción Especificaciones Disfruta del sabor de la leche entera Santa Clara, elaborada con leche 100% pura de vaca. Empaque tetrapack de 1lt. Productos relacionados 4 Pack Leche Santa Clara Entera de 1L Santa Clara $0.00 1 pieza de 1L Combo Cantidad Máxima Equivale a ≈1 pza 3x2 Leche Santa Clara Entera 3 Piezas de 1L Santa Clara $0.00 1L Combo Cantidad Máxima Equivale a ≈1 pza 3x2 Leche Santa Clara Semidescremada 1L Santa Clara $0.00 1 pieza de 1L Combo Cantidad Máxima Equivale a ≈1 pza 3x2 Leche Santa Clara Deslactosada Light 1L Santa Clara $0.00 1 pieza de 1L Combo Cantidad Máxima Equivale a ≈1 pza 3x2 Leche UHT Santa Clara Helado de Vainilla 200ml Santa Clara $0.00 200 ml Combo Cantidad Máxima Equivale a ≈1 pza 3x2 Leche Santa Clara Deslactosada 1L Santa Clara $0.00 1 pieza de 1L Combo Cantidad Máxima Equivale a ≈1 pza 3x2 Leche Santa Clara Entera 4L más Taza Santa Clara $0.00 4 piezas de 1L c/u + Taza Combo Cantidad Máxima Equivale a ≈1",,3700,,,,unknown,
¡Lo mejor te está esperando!,¡Lo mejor te está esperando! Descarga la app Departamentos Inicia sesión Ofertas de la semana Listas Alsuper Club Alsuper Alsuper card Estás en Alsuper Plus Leones 90 min Inicio > Lácteos Y Huevo > Huevo > Huevo Blanco Con 30 San Juan 1 Cartera Detalles: Disfruta de la frescura y calidad de nuestros huevos blancos San Juan en un paquete de 30 piezas. Cada huevo es seleccionado cuidadosamente y empacado para asegurar su frescura. Ideales para tus recetas y preparaciones diaria ... Ver más Huevo blanco con 30 San Juan 1 cartera $98.90 $111.90 Agregar al carrito Favoritos Agregar a una lista Recomendados $99.90 $117.90 Huevo Blanco Con 30 Bachoco 1 Carte... 1 CA Agregar $98.90 $111.90 Huevo Blanco Con 30 San Juan 1 Cart... 1 CA Agregar $61.90 $70.90 Huevo Blanco Con 18 Bachoco 1 Carte... 1 CA Agregar -22% $42.90 $54.90 Huevo Blanco Con 12 Bachoco 1 Carte... 1 CA Agregar $91.90 $109.90 Huevo Blanco Con 30 Huizache 1 Cart... 1 CA Agregar $41.90 $47.90 Huevo Blanco Con 12 San Juan 1 Cart... 1 CA Agregar $91.90 $109.90 Huevo Blanco Con 30 Huevissimo 1 Ca... 1 CA Agregar $91.90 $109.90 Huevo Blanco Con 30 Mybrand 1 Carte... 1 CA Agregar $61.90 $69.90 Huevo Blanco Con 18 San Juan 1 Cart... 1 CA Agregar $37.90 $42.90 Huevo Blanco Con 12 Huizache 1 Car... 1 CA Agregar $88.90 $98.90 Huevo Blanco Jumbo Con 20 Mybrand 1... 1 CA Agregar $56.90 $63.90 Huevo Blanco Cage Free Con 12 Bacho... 1 CA Agregar $43.90 $48.90 Huevo Blanco Con 12 Mybrand 1 Carte... 1 CA Agregar $79.90 Huevo Blanco Organico 12 Pzs Campo ... 1 CA Agregar -21% $69.90 $87.90 Mayonesa Hellmanns 790 G 790 GR Agregar $35.90 Yoghurth Griego Flip Key Lime Cho... 128 GR Agregar $69.90 Mostaza Preparada French's 340 G 340 GR Agregar $23.90 Leche Evaporada Carnation 360 G 360 GR Agregar -24% $39.90 $51.90 Crema Acida Lala 426 Ml 426 ML Agregar $43.90 $51.90 Leche Fresca Entera Zaragoza 1.8 ... 1.8 LT Agregar -24% $45.90 $59.90 Leche Entera Lala 1.8 Lt 1.8 LT Agregar 2 x $65 $37.90 Leche Uht Deslactosada Semidescremad... ,,9890,,,,unknown,
Horarios de entrega,Horarios de entrega Podes recibir tus compras el: Hoy 7: 17:00 a 18:00 hs. 18:00 a 19:00 hs. LISTA DE COMPRAS Aún no has agregado nada a la lista. BORRAR LISTA Categorias Almacén Aderezos/Condimentos Aceites Aderezos/Salsas Especias Ketchup Mayonesa Mostaza Sal Salsa de Soja/Picantes Tempero Tomatados Vinagres/Otros Alimentos Secos Arroz Azúcar/Endulzantes Chocolatadas/Batidos Caldos/Sopas/Pure Cereales/Semillas Delicatessen Dulces Sólidos Dulces/Mermeladas/Miel Fideo/Lasaña/Pasta Galletitas Harinas / Almidón Legumbres secas Leche en Polvo/varios Postres en Polvo Repostería/ Pasteleria Salsas Celiacos Fideos/Fécula Galletitas/Postres Dietéticos/BC Diet/Bajas Calorias Enlatados Frutas Enlatadas Legumbres enlatadas Paté/Picadillo/Conservas Atún/Mariscos/Sardinas Golosinas Alfajores Caramelos/Chicles Chocolates Turrones Café/Té/Yerba Café Té Yerba Snacks Aceitunas/Champignon Bocaditos/ Pororo Mani Nachos/ Palitos Salados Varios snacks Papas Fritas Pepinos/Pickles Bazar Aire Libre Camping Conservadora/Champañera Terere/Mate Cocina Acces. Madera Acces. Acero Inox. Acces. Aluminio Acces. Plásticos Acces. Teflón Acces. Vidrios Ceramica/Porcelana/Loza Cubiertos Utensilios Cotillón Decoración Servicio de Mesa Vajillas Descartables Varios Decoración/Regalos Decoración Hogar Otros Decoración Organizadores del Hogar Lavado/Planchado Organizadores Vajillas Madera Vidrio Metal/Aluminio Plástico/Melamina Bebes Accesorios Alimentación Aseo Muebles y Seguridad Plásticos Alimentos Cereales Leche Preparados Perfumería Aceites Capilares Colonias y Fragancias Cremas Jabones Pañales desechables Talco Toallitas Humedas Bebidas con Alcohol Aperitivos Con Alcohol Bebidas Blancas Aguardientes Cognac/ Brandie Ron/Cachasa/Caña Tequila Vodka Cervezas Rubias Negras Espumantes Vinos Espumantes Sidras Licores Cremosos Normales Vinos Dulces Espumantes Finos Blancos Finos Rosados Finos Tintos Gasificados Tetra Whiskies Estándar Otros Premium Bebidas sin Alcohol Aguas Aguas Mineralizadas Especiales A,,0.00,,,,unknown,
Horarios de entrega,Horarios de entrega Podes recibir tus compras el: Hoy 7: 17:00 a 18:00 hs. 18:00 a 19:00 hs. LISTA DE COMPRAS Aún no has agregado nada a la lista. BORRAR LISTA Categorias Almacén Aderezos/Condimentos Aceites Aderezos/Salsas Especias Ketchup Mayonesa Mostaza Sal Salsa de Soja/Picantes Tempero Tomatados Vinagres/Otros Alimentos Secos Arroz Azúcar/Endulzantes Chocolatadas/Batidos Caldos/Sopas/Pure Cereales/Semillas Delicatessen Dulces Sólidos Dulces/Mermeladas/Miel Fideo/Lasaña/Pasta Galletitas Harinas / Almidón Legumbres secas Leche en Polvo/varios Postres en Polvo Repostería/ Pasteleria Salsas Celiacos Fideos/Fécula Galletitas/Postres Dietéticos/BC Diet/Bajas Calorias Enlatados Frutas Enlatadas Legumbres enlatadas Paté/Picadillo/Conservas Atún/Mariscos/Sardinas Golosinas Alfajores Caramelos/Chicles Chocolates Turrones Café/Té/Yerba Café Té Yerba Snacks Aceitunas/Champignon Bocaditos/ Pororo Mani Nachos/ Palitos Salados Varios snacks Papas Fritas Pepinos/Pickles Bazar Aire Libre Camping Conservadora/Champañera Terere/Mate Cocina Acces. Madera Acces. Acero Inox. Acces. Aluminio Acces. Plásticos Acces. Teflón Acces. Vidrios Ceramica/Porcelana/Loza Cubiertos Utensilios Cotillón Decoración Servicio de Mesa Vajillas Descartables Varios Decoración/Regalos Decoración Hogar Otros Decoración Organizadores del Hogar Lavado/Planchado Organizadores Vajillas Madera Vidrio Metal/Aluminio Plástico/Melamina Bebes Accesorios Alimentación Aseo Muebles y Seguridad Plásticos Alimentos Cereales Leche Preparados Perfumería Aceites Capilares Colonias y Fragancias Cremas Jabones Pañales desechables Talco Toallitas Humedas Bebidas con Alcohol Aperitivos Con Alcohol Bebidas Blancas Aguardientes Cognac/ Brandie Ron/Cachasa/Caña Tequila Vodka Cervezas Rubias Negras Espumantes Vinos Espumantes Sidras Licores Cremosos Normales Vinos Dulces Espumantes Finos Blancos Finos Rosados Finos Tintos Gasificados Tetra Whiskies Estándar Otros Premium Bebidas sin Alcohol Aguas Aguas Mineralizadas Especiales A,,,,,,unknown,
Horarios de entrega,Horarios de entrega Podes recibir tus compras el: Hoy 7: 17:00 a 18:00 hs. 18:00 a 19:00 hs. LISTA DE COMPRAS Aún no has agregado nada a la lista. BORRAR LISTA Categorias Almacén Aderezos/Condimentos Aceites Aderezos/Salsas Especias Ketchup Mayonesa Mostaza Sal Salsa de Soja/Picantes Tempero Tomatados Vinagres/Otros Alimentos Secos Arroz Azúcar/Endulzantes Chocolatadas/Batidos Caldos/Sopas/Pure Cereales/Semillas Delicatessen Dulces Sólidos Dulces/Mermeladas/Miel Fideo/Lasaña/Pasta Galletitas Harinas / Almidón Legumbres secas Leche en Polvo/varios Postres en Polvo Repostería/ Pasteleria Salsas Celiacos Fideos/Fécula Galletitas/Postres Dietéticos/BC Diet/Bajas Calorias Enlatados Frutas Enlatadas Legumbres enlatadas Paté/Picadillo/Conservas Atún/Mariscos/Sardinas Golosinas Alfajores Caramelos/Chicles Chocolates Turrones Café/Té/Yerba Café Té Yerba Snacks Aceitunas/Champignon Bocaditos/ Pororo Mani Nachos/ Palitos Salados Varios snacks Papas Fritas Pepinos/Pickles Bazar Aire Libre Camping Conservadora/Champañera Terere/Mate Cocina Acces. Madera Acces. Acero Inox. Acces. Aluminio Acces. Plásticos Acces. Teflón Acces. Vidrios Ceramica/Porcelana/Loza Cubiertos Utensilios Cotillón Decoración Servicio de Mesa Vajillas Descartables Varios Decoración/Regalos Decoración Hogar Otros Decoración Organizadores del Hogar Lavado/Planchado Organizadores Vajillas Madera Vidrio Metal/Aluminio Plástico/Melamina Bebes Accesorios Alimentación Aseo Muebles y Seguridad Plásticos Alimentos Cereales Leche Preparados Perfumería Aceites Capilares Colonias y Fragancias Cremas Jabones Pañales desechables Talco Toallitas Humedas Bebidas con Alcohol Aperitivos Con Alcohol Bebidas Blancas Aguardientes Cognac/ Brandie Ron/Cachasa/Caña Tequila Vodka Cervezas Rubias Negras Espumantes Vinos Espumantes Sidras Licores Cremosos Normales Vinos Dulces Espumantes Finos Blancos Finos Rosados Finos Tintos Gasificados Tetra Whiskies Estándar Otros Premium Bebidas sin Alcohol Aguas Aguas Mineralizadas Especiales A,,,,,,unknown,
Horarios de entrega,Horarios de entrega Podes recibir tus compras el: Hoy 7: 17:00 a 18:00 hs. 18:00 a 19:00 hs. LISTA DE COMPRAS Aún no has agregado nada a la lista. BORRAR LISTA Categorias Almacén Aderezos/Condimentos Aceites Aderezos/Salsas Especias Ketchup Mayonesa Mostaza Sal Salsa de Soja/Picantes Tempero Tomatados Vinagres/Otros Alimentos Secos Arroz Azúcar/Endulzantes Chocolatadas/Batidos Caldos/Sopas/Pure Cereales/Semillas Delicatessen Dulces Sólidos Dulces/Mermeladas/Miel Fideo/Lasaña/Pasta Galletitas Harinas / Almidón Legumbres secas Leche en Polvo/varios Postres en Polvo Repostería/ Pasteleria Salsas Celiacos Fideos/Fécula Galletitas/Postres Dietéticos/BC Diet/Bajas Calorias Enlatados Frutas Enlatadas Legumbres enlatadas Paté/Picadillo/Conservas Atún/Mariscos/Sardinas Golosinas Alfajores Caramelos/Chicles Chocolates Turrones Café/Té/Yerba Café Té Yerba Snacks Aceitunas/Champignon Bocaditos/ Pororo Mani Nachos/ Palitos Salados Varios snacks Papas Fritas Pepinos/Pickles Bazar Aire Libre Camping Conservadora/Champañera Terere/Mate Cocina Acces. Madera Acces. Acero Inox. Acces. Aluminio Acces. Plásticos Acces. Teflón Acces. Vidrios Ceramica/Porcelana/Loza Cubiertos Utensilios Cotillón Decoración Servicio de Mesa Vajillas Descartables Varios Decoración/Regalos Decoración Hogar Otros Decoración Organizadores del Hogar Lavado/Planchado Organizadores Vajillas Madera Vidrio Metal/Aluminio Plástico/Melamina Bebes Accesorios Alimentación Aseo Muebles y Seguridad Plásticos Alimentos Cereales Leche Preparados Perfumería Aceites Capilares Colonias y Fragancias Cremas Jabones Pañales desechables Talco Toallitas Humedas Bebidas con Alcohol Aperitivos Con Alcohol Bebidas Blancas Aguardientes Cognac/ Brandie Ron/Cachasa/Caña Tequila Vodka Cervezas Rubias Negras Espumantes Vinos Espumantes Sidras Licores Cremosos Normales Vinos Dulces Espumantes Finos Blancos Finos Rosados Finos Tintos Gasificados Tetra Whiskies Estándar Otros Premium Bebidas sin Alcohol Aguas Aguas Mineralizadas Especiales A,,0.00,,,,unknown,
Horarios de entrega,Horarios de entrega Podes recibir tus compras el: Hoy 7: 17:00 a 18:00 hs. 18:00 a 19:00 hs. LISTA DE COMPRAS Aún no has agregado nada a la lista. BORRAR LISTA Categorias Almacén Aderezos/Condimentos Aceites Aderezos/Salsas Especias Ketchup Mayonesa Mostaza Sal Salsa de Soja/Picantes Tempero Tomatados Vinagres/Otros Alimentos Secos Arroz Azúcar/Endulzantes Chocolatadas/Batidos Caldos/Sopas/Pure Cereales/Semillas Delicatessen Dulces Sólidos Dulces/Mermeladas/Miel Fideo/Lasaña/Pasta Galletitas Harinas / Almidón Legumbres secas Leche en Polvo/varios Postres en Polvo Repostería/ Pasteleria Salsas Celiacos Fideos/Fécula Galletitas/Postres Dietéticos/BC Diet/Bajas Calorias Enlatados Frutas Enlatadas Legumbres enlatadas Paté/Picadillo/Conservas Atún/Mariscos/Sardinas Golosinas Alfajores Caramelos/Chicles Chocolates Turrones Café/Té/Yerba Café Té Yerba Snacks Aceitunas/Champignon Bocaditos/ Pororo Mani Nachos/ Palitos Salados Varios snacks Papas Fritas Pepinos/Pickles Bazar Aire Libre Camping Conservadora/Champañera Terere/Mate Cocina Acces. Madera Acces. Acero Inox. Acces. Aluminio Acces. Plásticos Acces. Teflón Acces. Vidrios Ceramica/Porcelana/Loza Cubiertos Utensilios Cotillón Decoración Servicio de Mesa Vajillas Descartables Varios Decoración/Regalos Decoración Hogar Otros Decoración Organizadores del Hogar Lavado/Planchado Organizadores Vajillas Madera Vidrio Metal/Aluminio Plástico/Melamina Bebes Accesorios Alimentación Aseo Muebles y Seguridad Plásticos Alimentos Cereales Leche Preparados Perfumería Aceites Capilares Colonias y Fragancias Cremas Jabones Pañales desechables Talco Toallitas Humedas Bebidas con Alcohol Aperitivos Con Alcohol Bebidas Blancas Aguardientes Cognac/ Brandie Ron/Cachasa/Caña Tequila Vodka Cervezas Rubias Negras Espumantes Vinos Espumantes Sidras Licores Cremosos Normales Vinos Dulces Espumantes Finos Blancos Finos Rosados Finos Tintos Gasificados Tetra Whiskies Estándar Otros Premium Bebidas sin Alcohol Aguas Aguas Mineralizadas Especiales A,,,,,,unknown,
Horarios de entrega,Horarios de entrega Podes recibir tus compras el: Hoy 7: 17:00 a 18:00 hs. 18:00 a 19:00 hs. LISTA DE COMPRAS Aún no has agregado nada a la lista. BORRAR LISTA Categorias Almacén Aderezos/Condimentos Aceites Aderezos/Salsas Especias Ketchup Mayonesa Mostaza Sal Salsa de Soja/Picantes Tempero Tomatados Vinagres/Otros Alimentos Secos Arroz Azúcar/Endulzantes Chocolatadas/Batidos Caldos/Sopas/Pure Cereales/Semillas Delicatessen Dulces Sólidos Dulces/Mermeladas/Miel Fideo/Lasaña/Pasta Galletitas Harinas / Almidón Legumbres secas Leche en Polvo/varios Postres en Polvo Repostería/ Pasteleria Salsas Celiacos Fideos/Fécula Galletitas/Postres Dietéticos/BC Diet/Bajas Calorias Enlatados Frutas Enlatadas Legumbres enlatadas Paté/Picadillo/Conservas Atún/Mariscos/Sardinas Golosinas Alfajores Caramelos/Chicles Chocolates Turrones Café/Té/Yerba Café Té Yerba Snacks Aceitunas/Champignon Bocaditos/ Pororo Mani Nachos/ Palitos Salados Varios snacks Papas Fritas Pepinos/Pickles Bazar Aire Libre Camping Conservadora/Champañera Terere/Mate Cocina Acces. Madera Acces. Acero Inox. Acces. Aluminio Acces. Plásticos Acces. Teflón Acces. Vidrios Ceramica/Porcelana/Loza Cubiertos Utensilios Cotillón Decoración Servicio de Mesa Vajillas Descartables Varios Decoración/Regalos Decoración Hogar Otros Decoración Organizadores del Hogar Lavado/Planchado Organizadores Vajillas Madera Vidrio Metal/Aluminio Plástico/Melamina Bebes Accesorios Alimentación Aseo Muebles y Seguridad Plásticos Alimentos Cereales Leche Preparados Perfumería Aceites Capilares Colonias y Fragancias Cremas Jabones Pañales desechables Talco Toallitas Humedas Bebidas con Alcohol Aperitivos Con Alcohol Bebidas Blancas Aguardientes Cognac/ Brandie Ron/Cachasa/Caña Tequila Vodka Cervezas Rubias Negras Espumantes Vinos Espumantes Sidras Licores Cremosos Normales Vinos Dulces Espumantes Finos Blancos Finos Rosados Finos Tintos Gasificados Tetra Whiskies Estándar Otros Premium Bebidas sin Alcohol Aguas Aguas Mineralizadas Especiales A,,,,,,unknown,
+595994 874276,+595994 874276 Selecciona método de entrega Gift Card virtual Ingresar Farmacia Lista de Compras Gs. 0 0 0 Categorias OFERTAS CON TODO MEDIO DE PAGO ALMACEN BEBE BEBIDAS CON ALCOHOL BEBIDAS SIN ALCOHOL CONGELADOS DIETETICOS Y SALUDABLES ELECTRODOMESTICOS FERRETERIA FIAMBRERIA HIGIENE PERSONAL HOGAR JUGUETES LACTEOS LIBRERíA LIMPIEZA LINEA SOLAR MASCOTAS MUEBLERIA NAVIDEÑOS PANADERIA PASTAS FRESCAS PERFUMERíA Y BELLEZA PRENDAS PRODUCTOS SIN LACTOSA SNACKS VITAMINAS Y SUPLEMENTOS ALMACEN ACEITES ACEITE DE GIRASOL - MAIZ ACEITE DE OLIVA OTROS ACEITES ADEREZOS-CONDIMENTOS-CALDOS MAYONESAS MOSTAZA SALSAS VINAGRES CONDIMENTOS-CALDOS SALSA GOLF KéTCHUP ACEITUNAS ALIMENTOS ENLATADOS FRUTAS ENLATADAS LEGUMBRES ENLATADOS ATúN-MARISCOS-SARDINAS PATE-PICADILLO-CONSERVA CAFE CAFE SOLUBLE CAFE EN CAPSULA CAFE DE SOJA CAFE DESCAFEINADO CAFE TOSTADO EN GRANO CAFE TOSTADO MOLIDO CAFE TORRADO FILTRO - PORTA FILTRO PARA CAFE DELICATESSEN GOLOSINAS-GALLETITAS CHOCOLATES GALLETITAS DULCES ALFAJORES TURRONES GOLOSINAS PAN DULCE - TURRON - BUDIN GALLETITAS SALADAS POSTRES EN CAJA MERMELADAS-DULCES-MIEL MIEL MERMELADAS-DULCES MANí- MANTECA MANí DULCES DE LECHE PRODUCTOS BASICOS TOMATES EN CONSERVA FIDEOS REMEDIO PARA MATE CEREALES- AVENA LEGUMBRES EN PAQUETES MAIZ EN PAQUETE AZúCAR TE CHOCOLATE EN POLVO SAL HARINAS ARROZ YERBA FRUTOS SECOS PURE DE PAPAS COCIDO REPOSTERíA COLORANTES-CONFITES CREMA DE LECHE-LECHE CONDENSADA CREMAS-POLVO HORNEAR LEVADURA-AZúCAR IMPALPABLE FRUTAS SECAS PARA REPOSTERíA DERIVADOS DEL COCO AROMATIZANTES-SABORIZANTES ALTEZA PERFUMERIA PERFUMERIA Y COSMETICOS BEBE ACC. INFANTILES ANDADORES SILLAS P- COMER CARRITOS SILLAS P-AUTO ALIMENTOS PARA BEBE CAMA BEBE CHUPETES Y MAMADERAS MORDEDORES CHUPETES NORMALES MAMADERAS DIVERSAS TETINAS CUIDADO DEL BEBE CEPILLO LIMPIADOR DE MAMADERA PEINES Y CEPILLOS ESTERILIZADOR DE MAMADERAS ASPIRADORES NASALES HIGIENE BEBé SHAMPOO INFANTIL JABON INFANTIL HIGIENE ORAL BEBé ACONDICIONADOR INFANTIL PAñALES DESECHABLES TOALLITAS HúMEDAS,,,,,,unknown,
Horarios de entrega,Horarios de entrega Podes recibir tus compras el: Hoy 7: 17:00 a 18:00 hs. 18:00 a 19:00 hs. LISTA DE COMPRAS Aún no has agregado nada a la lista. BORRAR LISTA Categorias Almacén Aderezos/Condimentos Aceites Aderezos/Salsas Especias Ketchup Mayonesa Mostaza Sal Salsa de Soja/Picantes Tempero Tomatados Vinagres/Otros Alimentos Secos Arroz Azúcar/Endulzantes Chocolatadas/Batidos Caldos/Sopas/Pure Cereales/Semillas Delicatessen Dulces Sólidos Dulces/Mermeladas/Miel Fideo/Lasaña/Pasta Galletitas Harinas / Almidón Legumbres secas Leche en Polvo/varios Postres en Polvo Repostería/ Pasteleria Salsas Celiacos Fideos/Fécula Galletitas/Postres Dietéticos/BC Diet/Bajas Calorias Enlatados Frutas Enlatadas Legumbres enlatadas Paté/Picadillo/Conservas Atún/Mariscos/Sardinas Golosinas Alfajores Caramelos/Chicles Chocolates Turrones Café/Té/Yerba Café Té Yerba Snacks Aceitunas/Champignon Bocaditos/ Pororo Mani Nachos/ Palitos Salados Varios snacks Papas Fritas Pepinos/Pickles Bazar Aire Libre Camping Conservadora/Champañera Terere/Mate Cocina Acces. Madera Acces. Acero Inox. Acces. Aluminio Acces. Plásticos Acces. Teflón Acces. Vidrios Ceramica/Porcelana/Loza Cubiertos Utensilios Cotillón Decoración Servicio de Mesa Vajillas Descartables Varios Decoración/Regalos Decoración Hogar Otros Decoración Organizadores del Hogar Lavado/Planchado Organizadores Vajillas Madera Vidrio Metal/Aluminio Plástico/Melamina Bebes Accesorios Alimentación Aseo Muebles y Seguridad Plásticos Alimentos Cereales Leche Preparados Perfumería Aceites Capilares Colonias y Fragancias Cremas Jabones Pañales desechables Talco Toallitas Humedas Bebidas con Alcohol Aperitivos Con Alcohol Bebidas Blancas Aguardientes Cognac/ Brandie Ron/Cachasa/Caña Tequila Vodka Cervezas Rubias Negras Espumantes Vinos Espumantes Sidras Licores Cremosos Normales Vinos Dulces Espumantes Finos Blancos Finos Rosados Finos Tintos Gasificados Tetra Whiskies Estándar Otros Premium Bebidas sin Alcohol Aguas Aguas Mineralizadas Especiales A,,025,,,,unknown,
+595994 874276,+595994 874276 Selecciona método de entrega Gift Card virtual Ingresar Farmacia Lista de Compras Gs. 0 0 0 Categorias OFERTAS CON TODO MEDIO DE PAGO ALMACEN BEBE BEBIDAS CON ALCOHOL BEBIDAS SIN ALCOHOL CONGELADOS DIETETICOS Y SALUDABLES ELECTRODOMESTICOS FERRETERIA FIAMBRERIA HIGIENE PERSONAL HOGAR JUGUETES LACTEOS LIBRERíA LIMPIEZA LINEA SOLAR MASCOTAS MUEBLERIA NAVIDEÑOS PANADERIA PASTAS FRESCAS PERFUMERíA Y BELLEZA PRENDAS PRODUCTOS SIN LACTOSA SNACKS VITAMINAS Y SUPLEMENTOS ALMACEN ACEITES ACEITE DE GIRASOL - MAIZ ACEITE DE OLIVA OTROS ACEITES ADEREZOS-CONDIMENTOS-CALDOS MAYONESAS MOSTAZA SALSAS VINAGRES CONDIMENTOS-CALDOS SALSA GOLF KéTCHUP ACEITUNAS ALIMENTOS ENLATADOS FRUTAS ENLATADAS LEGUMBRES ENLATADOS ATúN-MARISCOS-SARDINAS PATE-PICADILLO-CONSERVA CAFE CAFE SOLUBLE CAFE EN CAPSULA CAFE DE SOJA CAFE DESCAFEINADO CAFE TOSTADO EN GRANO CAFE TOSTADO MOLIDO CAFE TORRADO FILTRO - PORTA FILTRO PARA CAFE DELICATESSEN GOLOSINAS-GALLETITAS CHOCOLATES GALLETITAS DULCES ALFAJORES TURRONES GOLOSINAS PAN DULCE - TURRON - BUDIN GALLETITAS SALADAS POSTRES EN CAJA MERMELADAS-DULCES-MIEL MIEL MERMELADAS-DULCES MANí- MANTECA MANí DULCES DE LECHE PRODUCTOS BASICOS TOMATES EN CONSERVA FIDEOS REMEDIO PARA MATE CEREALES- AVENA LEGUMBRES EN PAQUETES MAIZ EN PAQUETE AZúCAR TE CHOCOLATE EN POLVO SAL HARINAS ARROZ YERBA FRUTOS SECOS PURE DE PAPAS COCIDO REPOSTERíA COLORANTES-CONFITES CREMA DE LECHE-LECHE CONDENSADA CREMAS-POLVO HORNEAR LEVADURA-AZúCAR IMPALPABLE FRUTAS SECAS PARA REPOSTERíA DERIVADOS DEL COCO AROMATIZANTES-SABORIZANTES ALTEZA PERFUMERIA PERFUMERIA Y COSMETICOS BEBE ACC. INFANTILES ANDADORES SILLAS P- COMER CARRITOS SILLAS P-AUTO ALIMENTOS PARA BEBE CAMA BEBE CHUPETES Y MAMADERAS MORDEDORES CHUPETES NORMALES MAMADERAS DIVERSAS TETINAS CUIDADO DEL BEBE CEPILLO LIMPIADOR DE MAMADERA PEINES Y CEPILLOS ESTERILIZADOR DE MAMADERAS ASPIRADORES NASALES HIGIENE BEBé SHAMPOO INFANTIL JABON INFANTIL HIGIENE ORAL BEBé ACONDICIONADOR INFANTIL PAñALES DESECHABLES TOALLITAS HúMEDAS,,,,,,unknown,
Horarios de entrega,Horarios de entrega Podes recibir tus compras el: Hoy 7: 17:00 a 18:00 hs. 18:00 a 19:00 hs. LISTA DE COMPRAS Aún no has agregado nada a la lista. BORRAR LISTA Categorias Almacén Aderezos/Condimentos Aceites Aderezos/Salsas Especias Ketchup Mayonesa Mostaza Sal Salsa de Soja/Picantes Tempero Tomatados Vinagres/Otros Alimentos Secos Arroz Azúcar/Endulzantes Chocolatadas/Batidos Caldos/Sopas/Pure Cereales/Semillas Delicatessen Dulces Sólidos Dulces/Mermeladas/Miel Fideo/Lasaña/Pasta Galletitas Harinas / Almidón Legumbres secas Leche en Polvo/varios Postres en Polvo Repostería/ Pasteleria Salsas Celiacos Fideos/Fécula Galletitas/Postres Dietéticos/BC Diet/Bajas Calorias Enlatados Frutas Enlatadas Legumbres enlatadas Paté/Picadillo/Conservas Atún/Mariscos/Sardinas Golosinas Alfajores Caramelos/Chicles Chocolates Turrones Café/Té/Yerba Café Té Yerba Snacks Aceitunas/Champignon Bocaditos/ Pororo Mani Nachos/ Palitos Salados Varios snacks Papas Fritas Pepinos/Pickles Bazar Aire Libre Camping Conservadora/Champañera Terere/Mate Cocina Acces. Madera Acces. Acero Inox. Acces. Aluminio Acces. Plásticos Acces. Teflón Acces. Vidrios Ceramica/Porcelana/Loza Cubiertos Utensilios Cotillón Decoración Servicio de Mesa Vajillas Descartables Varios Decoración/Regalos Decoración Hogar Otros Decoración Organizadores del Hogar Lavado/Planchado Organizadores Vajillas Madera Vidrio Metal/Aluminio Plástico/Melamina Bebes Accesorios Alimentación Aseo Muebles y Seguridad Plásticos Alimentos Cereales Leche Preparados Perfumería Aceites Capilares Colonias y Fragancias Cremas Jabones Pañales desechables Talco Toallitas Humedas Bebidas con Alcohol Aperitivos Con Alcohol Bebidas Blancas Aguardientes Cognac/ Brandie Ron/Cachasa/Caña Tequila Vodka Cervezas Rubias Negras Espumantes Vinos Espumantes Sidras Licores Cremosos Normales Vinos Dulces Espumantes Finos Blancos Finos Rosados Finos Tintos Gasificados Tetra Whiskies Estándar Otros Premium Bebidas sin Alcohol Aguas Aguas Mineralizadas Especiales A,,0.00,,,,unknown,
¡Lo mejor te está esperando!,"¡Lo mejor te está esperando! Descarga la app Departamentos Inicia sesión Ofertas de la semana Listas Alsuper Club Alsuper Alsuper card Estás en Alsuper Plus Leones 90 min Inicio > Despensa > Harinas Y Repostería > Harina De Trigo Pasta Fresca 5 Stagioni 1 Kg Detalles: ¡Lleva la auténtica experiencia italiana a tu cocina con la (D)Harina de Trigo Pasta Fresca 5 Stagioni de 1 kilogramo! Esta harina de alta calidad es perfecta para crear deliciosas pastas frescas caseras, garantizando una tex ... Ver más Harina De Trigo Pasta Fresca 5 Stagioni 1 Kg $104.90 Agregar al carrito Favoritos Agregar a una lista Recomendados -38% $16.90 $26.90 Harina Fina De Trigo El Globo 1 Kg 1 KG Agregar -37% $15.90 $24.90 Harina De Trigo Mimarca 1 Kg 1 KG Agregar -24% $19.90 $25.90 Harina De Maíz Nixtamalizado Maseca... 1 KG Agregar -22% $21.90 $27.90 Harina De Trigo Selecta 1 Kg 1 KG Agregar $21.90 $26.90 Harina De Trigo Integral Aldeana 1 ... 1 KG Agregar $79.90 Tortiharinas Grande Del Pueblo 1 K... 1 KG Agregar $79.90 Tortiharinas Mediana Del Pueblo 1 ... 1 KG Agregar -47% $34.90 $64.90 Harina Para Hot Cakes Caja Pronto 8... 800 GR Agregar $22.90 $27.90 Harina De Maiz Para Antojitos Masec... 1 KG Agregar -27% $19.90 $26.90 Harina De Maiz Azul Maseca 1 Kg 1 KG Agregar -21% $18.90 $23.90 Harina De Maiz Mimarca 1 Kg 1 KG Agregar -21% $35.90 $44.90 Harina Para Hot Cakes Paquete Cueta... 800 GR Agregar $22.90 $26.90 Harina De Maiz Amarillo Maseca 1 Kg 1 KG Agregar -41% $26.90 $44.90 Harina Para Hot Cakes Pronto 500 Gr 500 GR Agregar -39% $21.90 $35.90 Harina Para Hot Cakes Pronto 350 Gr 350 GR Agregar $76.90 $83.90 Harina Para Hotcakes Complete Butte... 907 GR Agregar $59.90 $71.90 Harina Para Hot Cakes Caja Original ... 500 GR Agregar -21% $13.90 $17.50 Harina De Arroz Tres Estrellas 25... 250 GR Agregar $22.90 $27.90 Harina Para Tamal Norteño Maseca 1 ... 1 KG Agregar $119.90 Harina De Almendra Nature´s Heart 4... 400 GR Agregar $26.90 $31.90 Harina De Arroz Tres Estrellas 50... 500 GR Agr",,10490,,,,unknown,
+595994 874276,+595994 874276 Selecciona método de entrega Gift Card virtual Ingresar Farmacia Lista de Compras Gs. 0 0 0 Categorias OFERTAS CON TODO MEDIO DE PAGO ALMACEN BEBE BEBIDAS CON ALCOHOL BEBIDAS SIN ALCOHOL CONGELADOS DIETETICOS Y SALUDABLES ELECTRODOMESTICOS FERRETERIA FIAMBRERIA HIGIENE PERSONAL HOGAR JUGUETES LACTEOS LIBRERíA LIMPIEZA LINEA SOLAR MASCOTAS MUEBLERIA NAVIDEÑOS PANADERIA PASTAS FRESCAS PERFUMERíA Y BELLEZA PRENDAS PRODUCTOS SIN LACTOSA SNACKS VITAMINAS Y SUPLEMENTOS ALMACEN ACEITES ACEITE DE GIRASOL - MAIZ ACEITE DE OLIVA OTROS ACEITES ADEREZOS-CONDIMENTOS-CALDOS MAYONESAS MOSTAZA SALSAS VINAGRES CONDIMENTOS-CALDOS SALSA GOLF KéTCHUP ACEITUNAS ALIMENTOS ENLATADOS FRUTAS ENLATADAS LEGUMBRES ENLATADOS ATúN-MARISCOS-SARDINAS PATE-PICADILLO-CONSERVA CAFE CAFE SOLUBLE CAFE EN CAPSULA CAFE DE SOJA CAFE DESCAFEINADO CAFE TOSTADO EN GRANO CAFE TOSTADO MOLIDO CAFE TORRADO FILTRO - PORTA FILTRO PARA CAFE DELICATESSEN GOLOSINAS-GALLETITAS CHOCOLATES GALLETITAS DULCES ALFAJORES TURRONES GOLOSINAS PAN DULCE - TURRON - BUDIN GALLETITAS SALADAS POSTRES EN CAJA MERMELADAS-DULCES-MIEL MIEL MERMELADAS-DULCES MANí- MANTECA MANí DULCES DE LECHE PRODUCTOS BASICOS TOMATES EN CONSERVA FIDEOS REMEDIO PARA MATE CEREALES- AVENA LEGUMBRES EN PAQUETES MAIZ EN PAQUETE AZúCAR TE CHOCOLATE EN POLVO SAL HARINAS ARROZ YERBA FRUTOS SECOS PURE DE PAPAS COCIDO REPOSTERíA COLORANTES-CONFITES CREMA DE LECHE-LECHE CONDENSADA CREMAS-POLVO HORNEAR LEVADURA-AZúCAR IMPALPABLE FRUTAS SECAS PARA REPOSTERíA DERIVADOS DEL COCO AROMATIZANTES-SABORIZANTES ALTEZA PERFUMERIA PERFUMERIA Y COSMETICOS BEBE ACC. INFANTILES ANDADORES SILLAS P- COMER CARRITOS SILLAS P-AUTO ALIMENTOS PARA BEBE CAMA BEBE CHUPETES Y MAMADERAS MORDEDORES CHUPETES NORMALES MAMADERAS DIVERSAS TETINAS CUIDADO DEL BEBE CEPILLO LIMPIADOR DE MAMADERA PEINES Y CEPILLOS ESTERILIZADOR DE MAMADERAS ASPIRADORES NASALES HIGIENE BEBé SHAMPOO INFANTIL JABON INFANTIL HIGIENE ORAL BEBé ACONDICIONADOR INFANTIL PAñALES DESECHABLES TOALLITAS HúMEDAS,,,,,,unknown,
+595994 874276,+595994 874276 Selecciona método de entrega Gift Card virtual Ingresar Farmacia Lista de Compras Gs. 0 0 0 Categorias OFERTAS CON TODO MEDIO DE PAGO ALMACEN BEBE BEBIDAS CON ALCOHOL BEBIDAS SIN ALCOHOL CONGELADOS DIETETICOS Y SALUDABLES ELECTRODOMESTICOS FERRETERIA FIAMBRERIA HIGIENE PERSONAL HOGAR JUGUETES LACTEOS LIBRERíA LIMPIEZA LINEA SOLAR MASCOTAS MUEBLERIA NAVIDEÑOS PANADERIA PASTAS FRESCAS PERFUMERíA Y BELLEZA PRENDAS PRODUCTOS SIN LACTOSA SNACKS VITAMINAS Y SUPLEMENTOS ALMACEN ACEITES ACEITE DE GIRASOL - MAIZ ACEITE DE OLIVA OTROS ACEITES ADEREZOS-CONDIMENTOS-CALDOS MAYONESAS MOSTAZA SALSAS VINAGRES CONDIMENTOS-CALDOS SALSA GOLF KéTCHUP ACEITUNAS ALIMENTOS ENLATADOS FRUTAS ENLATADAS LEGUMBRES ENLATADOS ATúN-MARISCOS-SARDINAS PATE-PICADILLO-CONSERVA CAFE CAFE SOLUBLE CAFE EN CAPSULA CAFE DE SOJA CAFE DESCAFEINADO CAFE TOSTADO EN GRANO CAFE TOSTADO MOLIDO CAFE TORRADO FILTRO - PORTA FILTRO PARA CAFE DELICATESSEN GOLOSINAS-GALLETITAS CHOCOLATES GALLETITAS DULCES ALFAJORES TURRONES GOLOSINAS PAN DULCE - TURRON - BUDIN GALLETITAS SALADAS POSTRES EN CAJA MERMELADAS-DULCES-MIEL MIEL MERMELADAS-DULCES MANí- MANTECA MANí DULCES DE LECHE PRODUCTOS BASICOS TOMATES EN CONSERVA FIDEOS REMEDIO PARA MATE CEREALES- AVENA LEGUMBRES EN PAQUETES MAIZ EN PAQUETE AZúCAR TE CHOCOLATE EN POLVO SAL HARINAS ARROZ YERBA FRUTOS SECOS PURE DE PAPAS COCIDO REPOSTERíA COLORANTES-CONFITES CREMA DE LECHE-LECHE CONDENSADA CREMAS-POLVO HORNEAR LEVADURA-AZúCAR IMPALPABLE FRUTAS SECAS PARA REPOSTERíA DERIVADOS DEL COCO AROMATIZANTES-SABORIZANTES ALTEZA PERFUMERIA PERFUMERIA Y COSMETICOS BEBE ACC. INFANTILES ANDADORES SILLAS P- COMER CARRITOS SILLAS P-AUTO ALIMENTOS PARA BEBE CAMA BEBE CHUPETES Y MAMADERAS MORDEDORES CHUPETES NORMALES MAMADERAS DIVERSAS TETINAS CUIDADO DEL BEBE CEPILLO LIMPIADOR DE MAMADERA PEINES Y CEPILLOS ESTERILIZADOR DE MAMADERAS ASPIRADORES NASALES HIGIENE BEBé SHAMPOO INFANTIL JABON INFANTIL HIGIENE ORAL BEBé ACONDICIONADOR INFANTIL PAñALES DESECHABLES TOALLITAS HúMEDAS,,,,,,unknown,
Horarios de entrega,Horarios de entrega Podes recibir tus compras el: Hoy 7: 17:00 a 18:00 hs. 18:00 a 19:00 hs. LISTA DE COMPRAS Aún no has agregado nada a la lista. BORRAR LISTA Categorias Almacén Aderezos/Condimentos Aceites Aderezos/Salsas Especias Ketchup Mayonesa Mostaza Sal Salsa de Soja/Picantes Tempero Tomatados Vinagres/Otros Alimentos Secos Arroz Azúcar/Endulzantes Chocolatadas/Batidos Caldos/Sopas/Pure Cereales/Semillas Delicatessen Dulces Sólidos Dulces/Mermeladas/Miel Fideo/Lasaña/Pasta Galletitas Harinas / Almidón Legumbres secas Leche en Polvo/varios Postres en Polvo Repostería/ Pasteleria Salsas Celiacos Fideos/Fécula Galletitas/Postres Dietéticos/BC Diet/Bajas Calorias Enlatados Frutas Enlatadas Legumbres enlatadas Paté/Picadillo/Conservas Atún/Mariscos/Sardinas Golosinas Alfajores Caramelos/Chicles Chocolates Turrones Café/Té/Yerba Café Té Yerba Snacks Aceitunas/Champignon Bocaditos/ Pororo Mani Nachos/ Palitos Salados Varios snacks Papas Fritas Pepinos/Pickles Bazar Aire Libre Camping Conservadora/Champañera Terere/Mate Cocina Acces. Madera Acces. Acero Inox. Acces. Aluminio Acces. Plásticos Acces. Teflón Acces. Vidrios Ceramica/Porcelana/Loza Cubiertos Utensilios Cotillón Decoración Servicio de Mesa Vajillas Descartables Varios Decoración/Regalos Decoración Hogar Otros Decoración Organizadores del Hogar Lavado/Planchado Organizadores Vajillas Madera Vidrio Metal/Aluminio Plástico/Melamina Bebes Accesorios Alimentación Aseo Muebles y Seguridad Plásticos Alimentos Cereales Leche Preparados Perfumería Aceites Capilares Colonias y Fragancias Cremas Jabones Pañales desechables Talco Toallitas Humedas Bebidas con Alcohol Aperitivos Con Alcohol Bebidas Blancas Aguardientes Cognac/ Brandie Ron/Cachasa/Caña Tequila Vodka Cervezas Rubias Negras Espumantes Vinos Espumantes Sidras Licores Cremosos Normales Vinos Dulces Espumantes Finos Blancos Finos Rosados Finos Tintos Gasificados Tetra Whiskies Estándar Otros Premium Bebidas sin Alcohol Aguas Aguas Mineralizadas Especiales A,,,,,,unknown,
+595994 874276,+595994 874276 Selecciona método de entrega Gift Card virtual Ingresar Farmacia Lista de Compras Gs. 0 0 0 Categorias OFERTAS CON TODO MEDIO DE PAGO ALMACEN BEBE BEBIDAS CON ALCOHOL BEBIDAS SIN ALCOHOL CONGELADOS DIETETICOS Y SALUDABLES ELECTRODOMESTICOS FERRETERIA FIAMBRERIA HIGIENE PERSONAL HOGAR JUGUETES LACTEOS LIBRERíA LIMPIEZA LINEA SOLAR MASCOTAS MUEBLERIA NAVIDEÑOS PANADERIA PASTAS FRESCAS PERFUMERíA Y BELLEZA PRENDAS PRODUCTOS SIN LACTOSA SNACKS VITAMINAS Y SUPLEMENTOS ALMACEN ACEITES ACEITE DE GIRASOL - MAIZ ACEITE DE OLIVA OTROS ACEITES ADEREZOS-CONDIMENTOS-CALDOS MAYONESAS MOSTAZA SALSAS VINAGRES CONDIMENTOS-CALDOS SALSA GOLF KéTCHUP ACEITUNAS ALIMENTOS ENLATADOS FRUTAS ENLATADAS LEGUMBRES ENLATADOS ATúN-MARISCOS-SARDINAS PATE-PICADILLO-CONSERVA CAFE CAFE SOLUBLE CAFE EN CAPSULA CAFE DE SOJA CAFE DESCAFEINADO CAFE TOSTADO EN GRANO CAFE TOSTADO MOLIDO CAFE TORRADO FILTRO - PORTA FILTRO PARA CAFE DELICATESSEN GOLOSINAS-GALLETITAS CHOCOLATES GALLETITAS DULCES ALFAJORES TURRONES GOLOSINAS PAN DULCE - TURRON - BUDIN GALLETITAS SALADAS POSTRES EN CAJA MERMELADAS-DULCES-MIEL MIEL MERMELADAS-DULCES MANí- MANTECA MANí DULCES DE LECHE PRODUCTOS BASICOS TOMATES EN CONSERVA FIDEOS REMEDIO PARA MATE CEREALES- AVENA LEGUMBRES EN PAQUETES MAIZ EN PAQUETE AZúCAR TE CHOCOLATE EN POLVO SAL HARINAS ARROZ YERBA FRUTOS SECOS PURE DE PAPAS COCIDO REPOSTERíA COLORANTES-CONFITES CREMA DE LECHE-LECHE CONDENSADA CREMAS-POLVO HORNEAR LEVADURA-AZúCAR IMPALPABLE FRUTAS SECAS PARA REPOSTERíA DERIVADOS DEL COCO AROMATIZANTES-SABORIZANTES ALTEZA PERFUMERIA PERFUMERIA Y COSMETICOS BEBE ACC. INFANTILES ANDADORES SILLAS P- COMER CARRITOS SILLAS P-AUTO ALIMENTOS PARA BEBE CAMA BEBE CHUPETES Y MAMADERAS MORDEDORES CHUPETES NORMALES MAMADERAS DIVERSAS TETINAS CUIDADO DEL BEBE CEPILLO LIMPIADOR DE MAMADERA PEINES Y CEPILLOS ESTERILIZADOR DE MAMADERAS ASPIRADORES NASALES HIGIENE BEBé SHAMPOO INFANTIL JABON INFANTIL HIGIENE ORAL BEBé ACONDICIONADOR INFANTIL PAñALES DESECHABLES TOALLITAS HúMEDAS,,,,,,unknown,
+595994 874276,+595994 874276 Selecciona método de entrega Gift Card virtual Ingresar Farmacia Lista de Compras Gs. 0 0 0 Categorias OFERTAS CON TODO MEDIO DE PAGO ALMACEN BEBE BEBIDAS CON ALCOHOL BEBIDAS SIN ALCOHOL CONGELADOS DIETETICOS Y SALUDABLES ELECTRODOMESTICOS FERRETERIA FIAMBRERIA HIGIENE PERSONAL HOGAR JUGUETES LACTEOS LIBRERíA LIMPIEZA LINEA SOLAR MASCOTAS MUEBLERIA NAVIDEÑOS PANADERIA PASTAS FRESCAS PERFUMERíA Y BELLEZA PRENDAS PRODUCTOS SIN LACTOSA SNACKS VITAMINAS Y SUPLEMENTOS ALMACEN ACEITES ACEITE DE GIRASOL - MAIZ ACEITE DE OLIVA OTROS ACEITES ADEREZOS-CONDIMENTOS-CALDOS MAYONESAS MOSTAZA SALSAS VINAGRES CONDIMENTOS-CALDOS SALSA GOLF KéTCHUP ACEITUNAS ALIMENTOS ENLATADOS FRUTAS ENLATADAS LEGUMBRES ENLATADOS ATúN-MARISCOS-SARDINAS PATE-PICADILLO-CONSERVA CAFE CAFE SOLUBLE CAFE EN CAPSULA CAFE DE SOJA CAFE DESCAFEINADO CAFE TOSTADO EN GRANO CAFE TOSTADO MOLIDO CAFE TORRADO FILTRO - PORTA FILTRO PARA CAFE DELICATESSEN GOLOSINAS-GALLETITAS CHOCOLATES GALLETITAS DULCES ALFAJORES TURRONES GOLOSINAS PAN DULCE - TURRON - BUDIN GALLETITAS SALADAS POSTRES EN CAJA MERMELADAS-DULCES-MIEL MIEL MERMELADAS-DULCES MANí- MANTECA MANí DULCES DE LECHE PRODUCTOS BASICOS TOMATES EN CONSERVA FIDEOS REMEDIO PARA MATE CEREALES- AVENA LEGUMBRES EN PAQUETES MAIZ EN PAQUETE AZúCAR TE CHOCOLATE EN POLVO SAL HARINAS ARROZ YERBA FRUTOS SECOS PURE DE PAPAS COCIDO REPOSTERíA COLORANTES-CONFITES CREMA DE LECHE-LECHE CONDENSADA CREMAS-POLVO HORNEAR LEVADURA-AZúCAR IMPALPABLE FRUTAS SECAS PARA REPOSTERíA DERIVADOS DEL COCO AROMATIZANTES-SABORIZANTES ALTEZA PERFUMERIA PERFUMERIA Y COSMETICOS BEBE ACC. INFANTILES ANDADORES SILLAS P- COMER CARRITOS SILLAS P-AUTO ALIMENTOS PARA BEBE CAMA BEBE CHUPETES Y MAMADERAS MORDEDORES CHUPETES NORMALES MAMADERAS DIVERSAS TETINAS CUIDADO DEL BEBE CEPILLO LIMPIADOR DE MAMADERA PEINES Y CEPILLOS ESTERILIZADOR DE MAMADERAS ASPIRADORES NASALES HIGIENE BEBé SHAMPOO INFANTIL JABON INFANTIL HIGIENE ORAL BEBé ACONDICIONADOR INFANTIL PAñALES DESECHABLES TOALLITAS HúMEDAS,,,,,,unknown,
+595994 874276,+595994 874276 Selecciona método de entrega Gift Card virtual Ingresar Farmacia Lista de Compras Gs. 0 0 0 Categorias OFERTAS CON TODO MEDIO DE PAGO ALMACEN BEBE BEBIDAS CON ALCOHOL BEBIDAS SIN ALCOHOL CONGELADOS DIETETICOS Y SALUDABLES ELECTRODOMESTICOS FERRETERIA FIAMBRERIA HIGIENE PERSONAL HOGAR JUGUETES LACTEOS LIBRERíA LIMPIEZA LINEA SOLAR MASCOTAS MUEBLERIA NAVIDEÑOS PANADERIA PASTAS FRESCAS PERFUMERíA Y BELLEZA PRENDAS PRODUCTOS SIN LACTOSA SNACKS VITAMINAS Y SUPLEMENTOS ALMACEN ACEITES ACEITE DE GIRASOL - MAIZ ACEITE DE OLIVA OTROS ACEITES ADEREZOS-CONDIMENTOS-CALDOS MAYONESAS MOSTAZA SALSAS VINAGRES CONDIMENTOS-CALDOS SALSA GOLF KéTCHUP ACEITUNAS ALIMENTOS ENLATADOS FRUTAS ENLATADAS LEGUMBRES ENLATADOS ATúN-MARISCOS-SARDINAS PATE-PICADILLO-CONSERVA CAFE CAFE SOLUBLE CAFE EN CAPSULA CAFE DE SOJA CAFE DESCAFEINADO CAFE TOSTADO EN GRANO CAFE TOSTADO MOLIDO CAFE TORRADO FILTRO - PORTA FILTRO PARA CAFE DELICATESSEN GOLOSINAS-GALLETITAS CHOCOLATES GALLETITAS DULCES ALFAJORES TURRONES GOLOSINAS PAN DULCE - TURRON - BUDIN GALLETITAS SALADAS POSTRES EN CAJA MERMELADAS-DULCES-MIEL MIEL MERMELADAS-DULCES MANí- MANTECA MANí DULCES DE LECHE PRODUCTOS BASICOS TOMATES EN CONSERVA FIDEOS REMEDIO PARA MATE CEREALES- AVENA LEGUMBRES EN PAQUETES MAIZ EN PAQUETE AZúCAR TE CHOCOLATE EN POLVO SAL HARINAS ARROZ YERBA FRUTOS SECOS PURE DE PAPAS COCIDO REPOSTERíA COLORANTES-CONFITES CREMA DE LECHE-LECHE CONDENSADA CREMAS-POLVO HORNEAR LEVADURA-AZúCAR IMPALPABLE FRUTAS SECAS PARA REPOSTERíA DERIVADOS DEL COCO AROMATIZANTES-SABORIZANTES ALTEZA PERFUMERIA PERFUMERIA Y COSMETICOS BEBE ACC. INFANTILES ANDADORES SILLAS P- COMER CARRITOS SILLAS P-AUTO ALIMENTOS PARA BEBE CAMA BEBE CHUPETES Y MAMADERAS MORDEDORES CHUPETES NORMALES MAMADERAS DIVERSAS TETINAS CUIDADO DEL BEBE CEPILLO LIMPIADOR DE MAMADERA PEINES Y CEPILLOS ESTERILIZADOR DE MAMADERAS ASPIRADORES NASALES HIGIENE BEBé SHAMPOO INFANTIL JABON INFANTIL HIGIENE ORAL BEBé ACONDICIONADOR INFANTIL PAñALES DESECHABLES TOALLITAS HúMEDAS,,,,,,unknown,
+595994 874276,+595994 874276 Selecciona método de entrega Gift Card virtual Ingresar Farmacia Lista de Compras Gs. 0 0 0 Categorias OFERTAS CON TODO MEDIO DE PAGO ALMACEN BEBE BEBIDAS CON ALCOHOL BEBIDAS SIN ALCOHOL CONGELADOS DIETETICOS Y SALUDABLES ELECTRODOMESTICOS FERRETERIA FIAMBRERIA HIGIENE PERSONAL HOGAR JUGUETES LACTEOS LIBRERíA LIMPIEZA LINEA SOLAR MASCOTAS MUEBLERIA NAVIDEÑOS PANADERIA PASTAS FRESCAS PERFUMERíA Y BELLEZA PRENDAS PRODUCTOS SIN LACTOSA SNACKS VITAMINAS Y SUPLEMENTOS ALMACEN ACEITES ACEITE DE GIRASOL - MAIZ ACEITE DE OLIVA OTROS ACEITES ADEREZOS-CONDIMENTOS-CALDOS MAYONESAS MOSTAZA SALSAS VINAGRES CONDIMENTOS-CALDOS SALSA GOLF KéTCHUP ACEITUNAS ALIMENTOS ENLATADOS FRUTAS ENLATADAS LEGUMBRES ENLATADOS ATúN-MARISCOS-SARDINAS PATE-PICADILLO-CONSERVA CAFE CAFE SOLUBLE CAFE EN CAPSULA CAFE DE SOJA CAFE DESCAFEINADO CAFE TOSTADO EN GRANO CAFE TOSTADO MOLIDO CAFE TORRADO FILTRO - PORTA FILTRO PARA CAFE DELICATESSEN GOLOSINAS-GALLETITAS CHOCOLATES GALLETITAS DULCES ALFAJORES TURRONES GOLOSINAS PAN DULCE - TURRON - BUDIN GALLETITAS SALADAS POSTRES EN CAJA MERMELADAS-DULCES-MIEL MIEL MERMELADAS-DULCES MANí- MANTECA MANí DULCES DE LECHE PRODUCTOS BASICOS TOMATES EN CONSERVA FIDEOS REMEDIO PARA MATE CEREALES- AVENA LEGUMBRES EN PAQUETES MAIZ EN PAQUETE AZúCAR TE CHOCOLATE EN POLVO SAL HARINAS ARROZ YERBA FRUTOS SECOS PURE DE PAPAS COCIDO REPOSTERíA COLORANTES-CONFITES CREMA DE LECHE-LECHE CONDENSADA CREMAS-POLVO HORNEAR LEVADURA-AZúCAR IMPALPABLE FRUTAS SECAS PARA REPOSTERíA DERIVADOS DEL COCO AROMATIZANTES-SABORIZANTES ALTEZA PERFUMERIA PERFUMERIA Y COSMETICOS BEBE ACC. INFANTILES ANDADORES SILLAS P- COMER CARRITOS SILLAS P-AUTO ALIMENTOS PARA BEBE CAMA BEBE CHUPETES Y MAMADERAS MORDEDORES CHUPETES NORMALES MAMADERAS DIVERSAS TETINAS CUIDADO DEL BEBE CEPILLO LIMPIADOR DE MAMADERA PEINES Y CEPILLOS ESTERILIZADOR DE MAMADERAS ASPIRADORES NASALES HIGIENE BEBé SHAMPOO INFANTIL JABON INFANTIL HIGIENE ORAL BEBé ACONDICIONADOR INFANTIL PAñALES DESECHABLES TOALLITAS HúMEDAS,,,,,,unknown,
+595994 874276,+595994 874276 Selecciona método de entrega Gift Card virtual Ingresar Farmacia Lista de Compras Gs. 0 0 0 Categorias OFERTAS CON TODO MEDIO DE PAGO ALMACEN BEBE BEBIDAS CON ALCOHOL BEBIDAS SIN ALCOHOL CONGELADOS DIETETICOS Y SALUDABLES ELECTRODOMESTICOS FERRETERIA FIAMBRERIA HIGIENE PERSONAL HOGAR JUGUETES LACTEOS LIBRERíA LIMPIEZA LINEA SOLAR MASCOTAS MUEBLERIA NAVIDEÑOS PANADERIA PASTAS FRESCAS PERFUMERíA Y BELLEZA PRENDAS PRODUCTOS SIN LACTOSA SNACKS VITAMINAS Y SUPLEMENTOS ALMACEN ACEITES ACEITE DE GIRASOL - MAIZ ACEITE DE OLIVA OTROS ACEITES ADEREZOS-CONDIMENTOS-CALDOS MAYONESAS MOSTAZA SALSAS VINAGRES CONDIMENTOS-CALDOS SALSA GOLF KéTCHUP ACEITUNAS ALIMENTOS ENLATADOS FRUTAS ENLATADAS LEGUMBRES ENLATADOS ATúN-MARISCOS-SARDINAS PATE-PICADILLO-CONSERVA CAFE CAFE SOLUBLE CAFE EN CAPSULA CAFE DE SOJA CAFE DESCAFEINADO CAFE TOSTADO EN GRANO CAFE TOSTADO MOLIDO CAFE TORRADO FILTRO - PORTA FILTRO PARA CAFE DELICATESSEN GOLOSINAS-GALLETITAS CHOCOLATES GALLETITAS DULCES ALFAJORES TURRONES GOLOSINAS PAN DULCE - TURRON - BUDIN GALLETITAS SALADAS POSTRES EN CAJA MERMELADAS-DULCES-MIEL MIEL MERMELADAS-DULCES MANí- MANTECA MANí DULCES DE LECHE PRODUCTOS BASICOS TOMATES EN CONSERVA FIDEOS REMEDIO PARA MATE CEREALES- AVENA LEGUMBRES EN PAQUETES MAIZ EN PAQUETE AZúCAR TE CHOCOLATE EN POLVO SAL HARINAS ARROZ YERBA FRUTOS SECOS PURE DE PAPAS COCIDO REPOSTERíA COLORANTES-CONFITES CREMA DE LECHE-LECHE CONDENSADA CREMAS-POLVO HORNEAR LEVADURA-AZúCAR IMPALPABLE FRUTAS SECAS PARA REPOSTERíA DERIVADOS DEL COCO AROMATIZANTES-SABORIZANTES ALTEZA PERFUMERIA PERFUMERIA Y COSMETICOS BEBE ACC. INFANTILES ANDADORES SILLAS P- COMER CARRITOS SILLAS P-AUTO ALIMENTOS PARA BEBE CAMA BEBE CHUPETES Y MAMADERAS MORDEDORES CHUPETES NORMALES MAMADERAS DIVERSAS TETINAS CUIDADO DEL BEBE CEPILLO LIMPIADOR DE MAMADERA PEINES Y CEPILLOS ESTERILIZADOR DE MAMADERAS ASPIRADORES NASALES HIGIENE BEBé SHAMPOO INFANTIL JABON INFANTIL HIGIENE ORAL BEBé ACONDICIONADOR INFANTIL PAñALES DESECHABLES TOALLITAS HúMEDAS,,,,,,unknown,
+595994 874276,+595994 874276 Selecciona método de entrega Gift Card virtual Ingresar Farmacia Lista de Compras Gs. 0 0 0 Categorias OFERTAS CON TODO MEDIO DE PAGO ALMACEN BEBE BEBIDAS CON ALCOHOL BEBIDAS SIN ALCOHOL CONGELADOS DIETETICOS Y SALUDABLES ELECTRODOMESTICOS FERRETERIA FIAMBRERIA HIGIENE PERSONAL HOGAR JUGUETES LACTEOS LIBRERíA LIMPIEZA LINEA SOLAR MASCOTAS MUEBLERIA NAVIDEÑOS PANADERIA PASTAS FRESCAS PERFUMERíA Y BELLEZA PRENDAS PRODUCTOS SIN LACTOSA SNACKS VITAMINAS Y SUPLEMENTOS ALMACEN ACEITES ACEITE DE GIRASOL - MAIZ ACEITE DE OLIVA OTROS ACEITES ADEREZOS-CONDIMENTOS-CALDOS MAYONESAS MOSTAZA SALSAS VINAGRES CONDIMENTOS-CALDOS SALSA GOLF KéTCHUP ACEITUNAS ALIMENTOS ENLATADOS FRUTAS ENLATADAS LEGUMBRES ENLATADOS ATúN-MARISCOS-SARDINAS PATE-PICADILLO-CONSERVA CAFE CAFE SOLUBLE CAFE EN CAPSULA CAFE DE SOJA CAFE DESCAFEINADO CAFE TOSTADO EN GRANO CAFE TOSTADO MOLIDO CAFE TORRADO FILTRO - PORTA FILTRO PARA CAFE DELICATESSEN GOLOSINAS-GALLETITAS CHOCOLATES GALLETITAS DULCES ALFAJORES TURRONES GOLOSINAS PAN DULCE - TURRON - BUDIN GALLETITAS SALADAS POSTRES EN CAJA MERMELADAS-DULCES-MIEL MIEL MERMELADAS-DULCES MANí- MANTECA MANí DULCES DE LECHE PRODUCTOS BASICOS TOMATES EN CONSERVA FIDEOS REMEDIO PARA MATE CEREALES- AVENA LEGUMBRES EN PAQUETES MAIZ EN PAQUETE AZúCAR TE CHOCOLATE EN POLVO SAL HARINAS ARROZ YERBA FRUTOS SECOS PURE DE PAPAS COCIDO REPOSTERíA COLORANTES-CONFITES CREMA DE LECHE-LECHE CONDENSADA CREMAS-POLVO HORNEAR LEVADURA-AZúCAR IMPALPABLE FRUTAS SECAS PARA REPOSTERíA DERIVADOS DEL COCO AROMATIZANTES-SABORIZANTES ALTEZA PERFUMERIA PERFUMERIA Y COSMETICOS BEBE ACC. INFANTILES ANDADORES SILLAS P- COMER CARRITOS SILLAS P-AUTO ALIMENTOS PARA BEBE CAMA BEBE CHUPETES Y MAMADERAS MORDEDORES CHUPETES NORMALES MAMADERAS DIVERSAS TETINAS CUIDADO DEL BEBE CEPILLO LIMPIADOR DE MAMADERA PEINES Y CEPILLOS ESTERILIZADOR DE MAMADERAS ASPIRADORES NASALES HIGIENE BEBé SHAMPOO INFANTIL JABON INFANTIL HIGIENE ORAL BEBé ACONDICIONADOR INFANTIL PAñALES DESECHABLES TOALLITAS HúMEDAS,,,,,,unknown,
+595994 874276,+595994 874276 Selecciona método de entrega Gift Card virtual Ingresar Farmacia Lista de Compras Gs. 0 0 0 Categorias OFERTAS CON TODO MEDIO DE PAGO ALMACEN BEBE BEBIDAS CON ALCOHOL BEBIDAS SIN ALCOHOL CONGELADOS DIETETICOS Y SALUDABLES ELECTRODOMESTICOS FERRETERIA FIAMBRERIA HIGIENE PERSONAL HOGAR JUGUETES LACTEOS LIBRERíA LIMPIEZA LINEA SOLAR MASCOTAS MUEBLERIA NAVIDEÑOS PANADERIA PASTAS FRESCAS PERFUMERíA Y BELLEZA PRENDAS PRODUCTOS SIN LACTOSA SNACKS VITAMINAS Y SUPLEMENTOS ALMACEN ACEITES ACEITE DE GIRASOL - MAIZ ACEITE DE OLIVA OTROS ACEITES ADEREZOS-CONDIMENTOS-CALDOS MAYONESAS MOSTAZA SALSAS VINAGRES CONDIMENTOS-CALDOS SALSA GOLF KéTCHUP ACEITUNAS ALIMENTOS ENLATADOS FRUTAS ENLATADAS LEGUMBRES ENLATADOS ATúN-MARISCOS-SARDINAS PATE-PICADILLO-CONSERVA CAFE CAFE SOLUBLE CAFE EN CAPSULA CAFE DE SOJA CAFE DESCAFEINADO CAFE TOSTADO EN GRANO CAFE TOSTADO MOLIDO CAFE TORRADO FILTRO - PORTA FILTRO PARA CAFE DELICATESSEN GOLOSINAS-GALLETITAS CHOCOLATES GALLETITAS DULCES ALFAJORES TURRONES GOLOSINAS PAN DULCE - TURRON - BUDIN GALLETITAS SALADAS POSTRES EN CAJA MERMELADAS-DULCES-MIEL MIEL MERMELADAS-DULCES MANí- MANTECA MANí DULCES DE LECHE PRODUCTOS BASICOS TOMATES EN CONSERVA FIDEOS REMEDIO PARA MATE CEREALES- AVENA LEGUMBRES EN PAQUETES MAIZ EN PAQUETE AZúCAR TE CHOCOLATE EN POLVO SAL HARINAS ARROZ YERBA FRUTOS SECOS PURE DE PAPAS COCIDO REPOSTERíA COLORANTES-CONFITES CREMA DE LECHE-LECHE CONDENSADA CREMAS-POLVO HORNEAR LEVADURA-AZúCAR IMPALPABLE FRUTAS SECAS PARA REPOSTERíA DERIVADOS DEL COCO AROMATIZANTES-SABORIZANTES ALTEZA PERFUMERIA PERFUMERIA Y COSMETICOS BEBE ACC. INFANTILES ANDADORES SILLAS P- COMER CARRITOS SILLAS P-AUTO ALIMENTOS PARA BEBE CAMA BEBE CHUPETES Y MAMADERAS MORDEDORES CHUPETES NORMALES MAMADERAS DIVERSAS TETINAS CUIDADO DEL BEBE CEPILLO LIMPIADOR DE MAMADERA PEINES Y CEPILLOS ESTERILIZADOR DE MAMADERAS ASPIRADORES NASALES HIGIENE BEBé SHAMPOO INFANTIL JABON INFANTIL HIGIENE ORAL BEBé ACONDICIONADOR INFANTIL PAñALES DESECHABLES TOALLITAS HúMEDAS,,,,,,unknown,
¡Lo mejor te está esperando!,¡Lo mejor te está esperando! Descarga la app Departamentos Inicia sesión Ofertas de la semana Listas Alsuper Club Alsuper Alsuper card Estás en Alsuper Plus Leones 90 min Inicio > Despensa > Harinas Y Repostería > Harina Fina De Trigo El Globo 1 Kg Detalles: harina de trigo usada generalmente para la elaboracion de tortillas y reposteria como galletas asi como para la empanizacion de alimentos ... Ver más Harina Fina De Trigo El Globo 1 kg $16.90 $26.90 -38% Agregar al carrito Favoritos Agregar a una lista Recomendados -34% $99.90 $149.90 Harina De Trigo Integral Extrafina ... 5 KG Agregar -38% $16.90 $26.90 Harina Fina De Trigo El Globo 1 Kg 1 KG Agregar $28.90 Tortillas De Harina Chihuahua 10 Pz ... 535 GR Agregar -21% $39.90 $49.90 Frituras De Harina Mimarca 400 G 400 GR Agregar $29.90 Tortillinas Tia Rosa 288 G 288 GR Agregar -27% $19.90 $26.90 Harina De Maiz Azul Maseca 1 Kg 1 KG Agregar $44.90 Tortillinas Tia Rosa 418 G 418 GR Agregar $22.90 $26.90 Harina De Maiz Amarillo Maseca 1 Kg 1 KG Agregar -21% $13.90 $17.50 Harina De Arroz Tres Estrellas 25... 250 GR Agregar $26.90 $31.90 Harina De Arroz Tres Estrellas 50... 500 GR Agregar $34.90 Harina Para Hot Cakes Y Waffles Ba... 450 GR Agregar $229.90 $244.90 Harina Bread Artisan Bobs Red Mil... 5 LB Agregar -36% $79.90 $123.90 Harina Fina De Trigo El Globo 5 Kg 5 KG Agregar $59.90 Harina Precocida De Maiz Amarillo P... 1 KG Agregar $87.90 $104.90 Harina Para Hot Cakes Caja Suaves Y ... 800 GR Agregar $168.90 $179.90 Harina Para Pizza Delallo 35.3 Oz 35.3 OZ Agregar $37.90 Tostadas De Tomate Tomatillas 150 ... 150 GR Agregar $85.90 Harina De Maiz Campo Vivo 800 G 800 GR Agregar $41.90 Tortillas De Maiz Con Tomate Toma... 454 GR Agregar $25.90 Tortilla De Harina 8 Pzas Mantequill... 1 BO Agregar $24.90 Tortilla De Harina 8 Pzas Tradiciona... 1 BO Agregar $5.00 Telera Integral 1 Pza 1 PZ Agregar $3.50 Bolillo Integral 1 Pza 1 PZ Agregar $25.90 Tortilla De Harina 8 Pzas Integral ... 1 BO Agregar $48.90 Pan Integral M,,1690,,,,unknown,
+595994 874276,+595994 874276 Selecciona método de entrega Gift Card virtual Ingresar Farmacia Lista de Compras Gs. 0 0 0 Categorias OFERTAS CON TODO MEDIO DE PAGO ALMACEN BEBE BEBIDAS CON ALCOHOL BEBIDAS SIN ALCOHOL CONGELADOS DIETETICOS Y SALUDABLES ELECTRODOMESTICOS FERRETERIA FIAMBRERIA HIGIENE PERSONAL HOGAR JUGUETES LACTEOS LIBRERíA LIMPIEZA LINEA SOLAR MASCOTAS MUEBLERIA NAVIDEÑOS PANADERIA PASTAS FRESCAS PERFUMERíA Y BELLEZA PRENDAS PRODUCTOS SIN LACTOSA SNACKS VITAMINAS Y SUPLEMENTOS ALMACEN ACEITES ACEITE DE GIRASOL - MAIZ ACEITE DE OLIVA OTROS ACEITES ADEREZOS-CONDIMENTOS-CALDOS MAYONESAS MOSTAZA SALSAS VINAGRES CONDIMENTOS-CALDOS SALSA GOLF KéTCHUP ACEITUNAS ALIMENTOS ENLATADOS FRUTAS ENLATADAS LEGUMBRES ENLATADOS ATúN-MARISCOS-SARDINAS PATE-PICADILLO-CONSERVA CAFE CAFE SOLUBLE CAFE EN CAPSULA CAFE DE SOJA CAFE DESCAFEINADO CAFE TOSTADO EN GRANO CAFE TOSTADO MOLIDO CAFE TORRADO FILTRO - PORTA FILTRO PARA CAFE DELICATESSEN GOLOSINAS-GALLETITAS CHOCOLATES GALLETITAS DULCES ALFAJORES TURRONES GOLOSINAS PAN DULCE - TURRON - BUDIN GALLETITAS SALADAS POSTRES EN CAJA MERMELADAS-DULCES-MIEL MIEL MERMELADAS-DULCES MANí- MANTECA MANí DULCES DE LECHE PRODUCTOS BASICOS TOMATES EN CONSERVA FIDEOS REMEDIO PARA MATE CEREALES- AVENA LEGUMBRES EN PAQUETES MAIZ EN PAQUETE AZúCAR TE CHOCOLATE EN POLVO SAL HARINAS ARROZ YERBA FRUTOS SECOS PURE DE PAPAS COCIDO REPOSTERíA COLORANTES-CONFITES CREMA DE LECHE-LECHE CONDENSADA CREMAS-POLVO HORNEAR LEVADURA-AZúCAR IMPALPABLE FRUTAS SECAS PARA REPOSTERíA DERIVADOS DEL COCO AROMATIZANTES-SABORIZANTES ALTEZA PERFUMERIA PERFUMERIA Y COSMETICOS BEBE ACC. INFANTILES ANDADORES SILLAS P- COMER CARRITOS SILLAS P-AUTO ALIMENTOS PARA BEBE CAMA BEBE CHUPETES Y MAMADERAS MORDEDORES CHUPETES NORMALES MAMADERAS DIVERSAS TETINAS CUIDADO DEL BEBE CEPILLO LIMPIADOR DE MAMADERA PEINES Y CEPILLOS ESTERILIZADOR DE MAMADERAS ASPIRADORES NASALES HIGIENE BEBé SHAMPOO INFANTIL JABON INFANTIL HIGIENE ORAL BEBé ACONDICIONADOR INFANTIL PAñALES DESECHABLES TOALLITAS HúMEDAS,,,,,,unknown,
+595994 874276,+595994 874276 Selecciona método de entrega Gift Card virtual Ingresar Farmacia Lista de Compras Gs. 0 0 0 Categorias OFERTAS CON TODO MEDIO DE PAGO ALMACEN BEBE BEBIDAS CON ALCOHOL BEBIDAS SIN ALCOHOL CONGELADOS DIETETICOS Y SALUDABLES ELECTRODOMESTICOS FERRETERIA FIAMBRERIA HIGIENE PERSONAL HOGAR JUGUETES LACTEOS LIBRERíA LIMPIEZA LINEA SOLAR MASCOTAS MUEBLERIA NAVIDEÑOS PANADERIA PASTAS FRESCAS PERFUMERíA Y BELLEZA PRENDAS PRODUCTOS SIN LACTOSA SNACKS VITAMINAS Y SUPLEMENTOS ALMACEN ACEITES ACEITE DE GIRASOL - MAIZ ACEITE DE OLIVA OTROS ACEITES ADEREZOS-CONDIMENTOS-CALDOS MAYONESAS MOSTAZA SALSAS VINAGRES CONDIMENTOS-CALDOS SALSA GOLF KéTCHUP ACEITUNAS ALIMENTOS ENLATADOS FRUTAS ENLATADAS LEGUMBRES ENLATADOS ATúN-MARISCOS-SARDINAS PATE-PICADILLO-CONSERVA CAFE CAFE SOLUBLE CAFE EN CAPSULA CAFE DE SOJA CAFE DESCAFEINADO CAFE TOSTADO EN GRANO CAFE TOSTADO MOLIDO CAFE TORRADO FILTRO - PORTA FILTRO PARA CAFE DELICATESSEN GOLOSINAS-GALLETITAS CHOCOLATES GALLETITAS DULCES ALFAJORES TURRONES GOLOSINAS PAN DULCE - TURRON - BUDIN GALLETITAS SALADAS POSTRES EN CAJA MERMELADAS-DULCES-MIEL MIEL MERMELADAS-DULCES MANí- MANTECA MANí DULCES DE LECHE PRODUCTOS BASICOS TOMATES EN CONSERVA FIDEOS REMEDIO PARA MATE CEREALES- AVENA LEGUMBRES EN PAQUETES MAIZ EN PAQUETE AZúCAR TE CHOCOLATE EN POLVO SAL HARINAS ARROZ YERBA FRUTOS SECOS PURE DE PAPAS COCIDO REPOSTERíA COLORANTES-CONFITES CREMA DE LECHE-LECHE CONDENSADA CREMAS-POLVO HORNEAR LEVADURA-AZúCAR IMPALPABLE FRUTAS SECAS PARA REPOSTERíA DERIVADOS DEL COCO AROMATIZANTES-SABORIZANTES ALTEZA PERFUMERIA PERFUMERIA Y COSMETICOS BEBE ACC. INFANTILES ANDADORES SILLAS P- COMER CARRITOS SILLAS P-AUTO ALIMENTOS PARA BEBE CAMA BEBE CHUPETES Y MAMADERAS MORDEDORES CHUPETES NORMALES MAMADERAS DIVERSAS TETINAS CUIDADO DEL BEBE CEPILLO LIMPIADOR DE MAMADERA PEINES Y CEPILLOS ESTERILIZADOR DE MAMADERAS ASPIRADORES NASALES HIGIENE BEBé SHAMPOO INFANTIL JABON INFANTIL HIGIENE ORAL BEBé ACONDICIONADOR INFANTIL PAñALES DESECHABLES TOALLITAS HúMEDAS,,,,,,unknown,
+595994 874276,+595994 874276 Selecciona método de entrega Gift Card virtual Ingresar Farmacia Lista de Compras Gs. 0 0 0 Categorias OFERTAS CON TODO MEDIO DE PAGO ALMACEN BEBE BEBIDAS CON ALCOHOL BEBIDAS SIN ALCOHOL CONGELADOS DIETETICOS Y SALUDABLES ELECTRODOMESTICOS FERRETERIA FIAMBRERIA HIGIENE PERSONAL HOGAR JUGUETES LACTEOS LIBRERíA LIMPIEZA LINEA SOLAR MASCOTAS MUEBLERIA NAVIDEÑOS PANADERIA PASTAS FRESCAS PERFUMERíA Y BELLEZA PRENDAS PRODUCTOS SIN LACTOSA SNACKS VITAMINAS Y SUPLEMENTOS ALMACEN ACEITES ACEITE DE GIRASOL - MAIZ ACEITE DE OLIVA OTROS ACEITES ADEREZOS-CONDIMENTOS-CALDOS MAYONESAS MOSTAZA SALSAS VINAGRES CONDIMENTOS-CALDOS SALSA GOLF KéTCHUP ACEITUNAS ALIMENTOS ENLATADOS FRUTAS ENLATADAS LEGUMBRES ENLATADOS ATúN-MARISCOS-SARDINAS PATE-PICADILLO-CONSERVA CAFE CAFE SOLUBLE CAFE EN CAPSULA CAFE DE SOJA CAFE DESCAFEINADO CAFE TOSTADO EN GRANO CAFE TOSTADO MOLIDO CAFE TORRADO FILTRO - PORTA FILTRO PARA CAFE DELICATESSEN GOLOSINAS-GALLETITAS CHOCOLATES GALLETITAS DULCES ALFAJORES TURRONES GOLOSINAS PAN DULCE - TURRON - BUDIN GALLETITAS SALADAS POSTRES EN CAJA MERMELADAS-DULCES-MIEL MIEL MERMELADAS-DULCES MANí- MANTECA MANí DULCES DE LECHE PRODUCTOS BASICOS TOMATES EN CONSERVA FIDEOS REMEDIO PARA MATE CEREALES- AVENA LEGUMBRES EN PAQUETES MAIZ EN PAQUETE AZúCAR TE CHOCOLATE EN POLVO SAL HARINAS ARROZ YERBA FRUTOS SECOS PURE DE PAPAS COCIDO REPOSTERíA COLORANTES-CONFITES CREMA DE LECHE-LECHE CONDENSADA CREMAS-POLVO HORNEAR LEVADURA-AZúCAR IMPALPABLE FRUTAS SECAS PARA REPOSTERíA DERIVADOS DEL COCO AROMATIZANTES-SABORIZANTES ALTEZA PERFUMERIA PERFUMERIA Y COSMETICOS BEBE ACC. INFANTILES ANDADORES SILLAS P- COMER CARRITOS SILLAS P-AUTO ALIMENTOS PARA BEBE CAMA BEBE CHUPETES Y MAMADERAS MORDEDORES CHUPETES NORMALES MAMADERAS DIVERSAS TETINAS CUIDADO DEL BEBE CEPILLO LIMPIADOR DE MAMADERA PEINES Y CEPILLOS ESTERILIZADOR DE MAMADERAS ASPIRADORES NASALES HIGIENE BEBé SHAMPOO INFANTIL JABON INFANTIL HIGIENE ORAL BEBé ACONDICIONADOR INFANTIL PAñALES DESECHABLES TOALLITAS HúMEDAS,,,,,,unknown,
+595994 874276,+595994 874276 Selecciona método de entrega Gift Card virtual Ingresar Farmacia Lista de Compras Gs. 0 0 0 Categorias OFERTAS CON TODO MEDIO DE PAGO ALMACEN BEBE BEBIDAS CON ALCOHOL BEBIDAS SIN ALCOHOL CONGELADOS DIETETICOS Y SALUDABLES ELECTRODOMESTICOS FERRETERIA FIAMBRERIA HIGIENE PERSONAL HOGAR JUGUETES LACTEOS LIBRERíA LIMPIEZA LINEA SOLAR MASCOTAS MUEBLERIA NAVIDEÑOS PANADERIA PASTAS FRESCAS PERFUMERíA Y BELLEZA PRENDAS PRODUCTOS SIN LACTOSA SNACKS VITAMINAS Y SUPLEMENTOS ALMACEN ACEITES ACEITE DE GIRASOL - MAIZ ACEITE DE OLIVA OTROS ACEITES ADEREZOS-CONDIMENTOS-CALDOS MAYONESAS MOSTAZA SALSAS VINAGRES CONDIMENTOS-CALDOS SALSA GOLF KéTCHUP ACEITUNAS ALIMENTOS ENLATADOS FRUTAS ENLATADAS LEGUMBRES ENLATADOS ATúN-MARISCOS-SARDINAS PATE-PICADILLO-CONSERVA CAFE CAFE SOLUBLE CAFE EN CAPSULA CAFE DE SOJA CAFE DESCAFEINADO CAFE TOSTADO EN GRANO CAFE TOSTADO MOLIDO CAFE TORRADO FILTRO - PORTA FILTRO PARA CAFE DELICATESSEN GOLOSINAS-GALLETITAS CHOCOLATES GALLETITAS DULCES ALFAJORES TURRONES GOLOSINAS PAN DULCE - TURRON - BUDIN GALLETITAS SALADAS POSTRES EN CAJA MERMELADAS-DULCES-MIEL MIEL MERMELADAS-DULCES MANí- MANTECA MANí DULCES DE LECHE PRODUCTOS BASICOS TOMATES EN CONSERVA FIDEOS REMEDIO PARA MATE CEREALES- AVENA LEGUMBRES EN PAQUETES MAIZ EN PAQUETE AZúCAR TE CHOCOLATE EN POLVO SAL HARINAS ARROZ YERBA FRUTOS SECOS PURE DE PAPAS COCIDO REPOSTERíA COLORANTES-CONFITES CREMA DE LECHE-LECHE CONDENSADA CREMAS-POLVO HORNEAR LEVADURA-AZúCAR IMPALPABLE FRUTAS SECAS PARA REPOSTERíA DERIVADOS DEL COCO AROMATIZANTES-SABORIZANTES ALTEZA PERFUMERIA PERFUMERIA Y COSMETICOS BEBE ACC. INFANTILES ANDADORES SILLAS P- COMER CARRITOS SILLAS P-AUTO ALIMENTOS PARA BEBE CAMA BEBE CHUPETES Y MAMADERAS MORDEDORES CHUPETES NORMALES MAMADERAS DIVERSAS TETINAS CUIDADO DEL BEBE CEPILLO LIMPIADOR DE MAMADERA PEINES Y CEPILLOS ESTERILIZADOR DE MAMADERAS ASPIRADORES NASALES HIGIENE BEBé SHAMPOO INFANTIL JABON INFANTIL HIGIENE ORAL BEBé ACONDICIONADOR INFANTIL PAñALES DESECHABLES TOALLITAS HúMEDAS,,,,,,unknown,
+595994 874276,+595994 874276 Selecciona método de entrega Gift Card virtual Ingresar Farmacia Lista de Compras Gs. 0 0 0 Categorias OFERTAS CON TODO MEDIO DE PAGO ALMACEN BEBE BEBIDAS CON ALCOHOL BEBIDAS SIN ALCOHOL CONGELADOS DIETETICOS Y SALUDABLES ELECTRODOMESTICOS FERRETERIA FIAMBRERIA HIGIENE PERSONAL HOGAR JUGUETES LACTEOS LIBRERíA LIMPIEZA LINEA SOLAR MASCOTAS MUEBLERIA NAVIDEÑOS PANADERIA PASTAS FRESCAS PERFUMERíA Y BELLEZA PRENDAS PRODUCTOS SIN LACTOSA SNACKS VITAMINAS Y SUPLEMENTOS ALMACEN ACEITES ACEITE DE GIRASOL - MAIZ ACEITE DE OLIVA OTROS ACEITES ADEREZOS-CONDIMENTOS-CALDOS MAYONESAS MOSTAZA SALSAS VINAGRES CONDIMENTOS-CALDOS SALSA GOLF KéTCHUP ACEITUNAS ALIMENTOS ENLATADOS FRUTAS ENLATADAS LEGUMBRES ENLATADOS ATúN-MARISCOS-SARDINAS PATE-PICADILLO-CONSERVA CAFE CAFE SOLUBLE CAFE EN CAPSULA CAFE DE SOJA CAFE DESCAFEINADO CAFE TOSTADO EN GRANO CAFE TOSTADO MOLIDO CAFE TORRADO FILTRO - PORTA FILTRO PARA CAFE DELICATESSEN GOLOSINAS-GALLETITAS CHOCOLATES GALLETITAS DULCES ALFAJORES TURRONES GOLOSINAS PAN DULCE - TURRON - BUDIN GALLETITAS SALADAS POSTRES EN CAJA MERMELADAS-DULCES-MIEL MIEL MERMELADAS-DULCES MANí- MANTECA MANí DULCES DE LECHE PRODUCTOS BASICOS TOMATES EN CONSERVA FIDEOS REMEDIO PARA MATE CEREALES- AVENA LEGUMBRES EN PAQUETES MAIZ EN PAQUETE AZúCAR TE CHOCOLATE EN POLVO SAL HARINAS ARROZ YERBA FRUTOS SECOS PURE DE PAPAS COCIDO REPOSTERíA COLORANTES-CONFITES CREMA DE LECHE-LECHE CONDENSADA CREMAS-POLVO HORNEAR LEVADURA-AZúCAR IMPALPABLE FRUTAS SECAS PARA REPOSTERíA DERIVADOS DEL COCO AROMATIZANTES-SABORIZANTES ALTEZA PERFUMERIA PERFUMERIA Y COSMETICOS BEBE ACC. INFANTILES ANDADORES SILLAS P- COMER CARRITOS SILLAS P-AUTO ALIMENTOS PARA BEBE CAMA BEBE CHUPETES Y MAMADERAS MORDEDORES CHUPETES NORMALES MAMADERAS DIVERSAS TETINAS CUIDADO DEL BEBE CEPILLO LIMPIADOR DE MAMADERA PEINES Y CEPILLOS ESTERILIZADOR DE MAMADERAS ASPIRADORES NASALES HIGIENE BEBé SHAMPOO INFANTIL JABON INFANTIL HIGIENE ORAL BEBé ACONDICIONADOR INFANTIL PAñALES DESECHABLES TOALLITAS HúMEDAS,,,,,,unknown,
+595994 874276,+595994 874276 Selecciona método de entrega Gift Card virtual Ingresar Farmacia Lista de Compras Gs. 0 0 0 Categorias OFERTAS CON TODO MEDIO DE PAGO ALMACEN BEBE BEBIDAS CON ALCOHOL BEBIDAS SIN ALCOHOL CONGELADOS DIETETICOS Y SALUDABLES ELECTRODOMESTICOS FERRETERIA FIAMBRERIA HIGIENE PERSONAL HOGAR JUGUETES LACTEOS LIBRERíA LIMPIEZA LINEA SOLAR MASCOTAS MUEBLERIA NAVIDEÑOS PANADERIA PASTAS FRESCAS PERFUMERíA Y BELLEZA PRENDAS PRODUCTOS SIN LACTOSA SNACKS VITAMINAS Y SUPLEMENTOS ALMACEN ACEITES ACEITE DE GIRASOL - MAIZ ACEITE DE OLIVA OTROS ACEITES ADEREZOS-CONDIMENTOS-CALDOS MAYONESAS MOSTAZA SALSAS VINAGRES CONDIMENTOS-CALDOS SALSA GOLF KéTCHUP ACEITUNAS ALIMENTOS ENLATADOS FRUTAS ENLATADAS LEGUMBRES ENLATADOS ATúN-MARISCOS-SARDINAS PATE-PICADILLO-CONSERVA CAFE CAFE SOLUBLE CAFE EN CAPSULA CAFE DE SOJA CAFE DESCAFEINADO CAFE TOSTADO EN GRANO CAFE TOSTADO MOLIDO CAFE TORRADO FILTRO - PORTA FILTRO PARA CAFE DELICATESSEN GOLOSINAS-GALLETITAS CHOCOLATES GALLETITAS DULCES ALFAJORES TURRONES GOLOSINAS PAN DULCE - TURRON - BUDIN GALLETITAS SALADAS POSTRES EN CAJA MERMELADAS-DULCES-MIEL MIEL MERMELADAS-DULCES MANí- MANTECA MANí DULCES DE LECHE PRODUCTOS BASICOS TOMATES EN CONSERVA FIDEOS REMEDIO PARA MATE CEREALES- AVENA LEGUMBRES EN PAQUETES MAIZ EN PAQUETE AZúCAR TE CHOCOLATE EN POLVO SAL HARINAS ARROZ YERBA FRUTOS SECOS PURE DE PAPAS COCIDO REPOSTERíA COLORANTES-CONFITES CREMA DE LECHE-LECHE CONDENSADA CREMAS-POLVO HORNEAR LEVADURA-AZúCAR IMPALPABLE FRUTAS SECAS PARA REPOSTERíA DERIVADOS DEL COCO AROMATIZANTES-SABORIZANTES ALTEZA PERFUMERIA PERFUMERIA Y COSMETICOS BEBE ACC. INFANTILES ANDADORES SILLAS P- COMER CARRITOS SILLAS P-AUTO ALIMENTOS PARA BEBE CAMA BEBE CHUPETES Y MAMADERAS MORDEDORES CHUPETES NORMALES MAMADERAS DIVERSAS TETINAS CUIDADO DEL BEBE CEPILLO LIMPIADOR DE MAMADERA PEINES Y CEPILLOS ESTERILIZADOR DE MAMADERAS ASPIRADORES NASALES HIGIENE BEBé SHAMPOO INFANTIL JABON INFANTIL HIGIENE ORAL BEBé ACONDICIONADOR INFANTIL PAñALES DESECHABLES TOALLITAS HúMEDAS,,,,,,unknown,
+595994 874276,+595994 874276 Selecciona método de entrega Gift Card virtual Ingresar Farmacia Lista de Compras Gs. 0 0 0 Categorias OFERTAS CON TODO MEDIO DE PAGO ALMACEN BEBE BEBIDAS CON ALCOHOL BEBIDAS SIN ALCOHOL CONGELADOS DIETETICOS Y SALUDABLES ELECTRODOMESTICOS FERRETERIA FIAMBRERIA HIGIENE PERSONAL HOGAR JUGUETES LACTEOS LIBRERíA LIMPIEZA LINEA SOLAR MASCOTAS MUEBLERIA NAVIDEÑOS PANADERIA PASTAS FRESCAS PERFUMERíA Y BELLEZA PRENDAS PRODUCTOS SIN LACTOSA SNACKS VITAMINAS Y SUPLEMENTOS ALMACEN ACEITES ACEITE DE GIRASOL - MAIZ ACEITE DE OLIVA OTROS ACEITES ADEREZOS-CONDIMENTOS-CALDOS MAYONESAS MOSTAZA SALSAS VINAGRES CONDIMENTOS-CALDOS SALSA GOLF KéTCHUP ACEITUNAS ALIMENTOS ENLATADOS FRUTAS ENLATADAS LEGUMBRES ENLATADOS ATúN-MARISCOS-SARDINAS PATE-PICADILLO-CONSERVA CAFE CAFE SOLUBLE CAFE EN CAPSULA CAFE DE SOJA CAFE DESCAFEINADO CAFE TOSTADO EN GRANO CAFE TOSTADO MOLIDO CAFE TORRADO FILTRO - PORTA FILTRO PARA CAFE DELICATESSEN GOLOSINAS-GALLETITAS CHOCOLATES GALLETITAS DULCES ALFAJORES TURRONES GOLOSINAS PAN DULCE - TURRON - BUDIN GALLETITAS SALADAS POSTRES EN CAJA MERMELADAS-DULCES-MIEL MIEL MERMELADAS-DULCES MANí- MANTECA MANí DULCES DE LECHE PRODUCTOS BASICOS TOMATES EN CONSERVA FIDEOS REMEDIO PARA MATE CEREALES- AVENA LEGUMBRES EN PAQUETES MAIZ EN PAQUETE AZúCAR TE CHOCOLATE EN POLVO SAL HARINAS ARROZ YERBA FRUTOS SECOS PURE DE PAPAS COCIDO REPOSTERíA COLORANTES-CONFITES CREMA DE LECHE-LECHE CONDENSADA CREMAS-POLVO HORNEAR LEVADURA-AZúCAR IMPALPABLE FRUTAS SECAS PARA REPOSTERíA DERIVADOS DEL COCO AROMATIZANTES-SABORIZANTES ALTEZA PERFUMERIA PERFUMERIA Y COSMETICOS BEBE ACC. INFANTILES ANDADORES SILLAS P- COMER CARRITOS SILLAS P-AUTO ALIMENTOS PARA BEBE CAMA BEBE CHUPETES Y MAMADERAS MORDEDORES CHUPETES NORMALES MAMADERAS DIVERSAS TETINAS CUIDADO DEL BEBE CEPILLO LIMPIADOR DE MAMADERA PEINES Y CEPILLOS ESTERILIZADOR DE MAMADERAS ASPIRADORES NASALES HIGIENE BEBé SHAMPOO INFANTIL JABON INFANTIL HIGIENE ORAL BEBé ACONDICIONADOR INFANTIL PAñALES DESECHABLES TOALLITAS HúMEDAS,,,,,,unknown,
+595994 874276,+595994 874276 Selecciona método de entrega Gift Card virtual Ingresar Farmacia Lista de Compras Gs. 0 0 0 Categorias OFERTAS CON TODO MEDIO DE PAGO ALMACEN BEBE BEBIDAS CON ALCOHOL BEBIDAS SIN ALCOHOL CONGELADOS DIETETICOS Y SALUDABLES ELECTRODOMESTICOS FERRETERIA FIAMBRERIA HIGIENE PERSONAL HOGAR JUGUETES LACTEOS LIBRERíA LIMPIEZA LINEA SOLAR MASCOTAS MUEBLERIA NAVIDEÑOS PANADERIA PASTAS FRESCAS PERFUMERíA Y BELLEZA PRENDAS PRODUCTOS SIN LACTOSA SNACKS VITAMINAS Y SUPLEMENTOS ALMACEN ACEITES ACEITE DE GIRASOL - MAIZ ACEITE DE OLIVA OTROS ACEITES ADEREZOS-CONDIMENTOS-CALDOS MAYONESAS MOSTAZA SALSAS VINAGRES CONDIMENTOS-CALDOS SALSA GOLF KéTCHUP ACEITUNAS ALIMENTOS ENLATADOS FRUTAS ENLATADAS LEGUMBRES ENLATADOS ATúN-MARISCOS-SARDINAS PATE-PICADILLO-CONSERVA CAFE CAFE SOLUBLE CAFE EN CAPSULA CAFE DE SOJA CAFE DESCAFEINADO CAFE TOSTADO EN GRANO CAFE TOSTADO MOLIDO CAFE TORRADO FILTRO - PORTA FILTRO PARA CAFE DELICATESSEN GOLOSINAS-GALLETITAS CHOCOLATES GALLETITAS DULCES ALFAJORES TURRONES GOLOSINAS PAN DULCE - TURRON - BUDIN GALLETITAS SALADAS POSTRES EN CAJA MERMELADAS-DULCES-MIEL MIEL MERMELADAS-DULCES MANí- MANTECA MANí DULCES DE LECHE PRODUCTOS BASICOS TOMATES EN CONSERVA FIDEOS REMEDIO PARA MATE CEREALES- AVENA LEGUMBRES EN PAQUETES MAIZ EN PAQUETE AZúCAR TE CHOCOLATE EN POLVO SAL HARINAS ARROZ YERBA FRUTOS SECOS PURE DE PAPAS COCIDO REPOSTERíA COLORANTES-CONFITES CREMA DE LECHE-LECHE CONDENSADA CREMAS-POLVO HORNEAR LEVADURA-AZúCAR IMPALPABLE FRUTAS SECAS PARA REPOSTERíA DERIVADOS DEL COCO AROMATIZANTES-SABORIZANTES ALTEZA PERFUMERIA PERFUMERIA Y COSMETICOS BEBE ACC. INFANTILES ANDADORES SILLAS P- COMER CARRITOS SILLAS P-AUTO ALIMENTOS PARA BEBE CAMA BEBE CHUPETES Y MAMADERAS MORDEDORES CHUPETES NORMALES MAMADERAS DIVERSAS TETINAS CUIDADO DEL BEBE CEPILLO LIMPIADOR DE MAMADERA PEINES Y CEPILLOS ESTERILIZADOR DE MAMADERAS ASPIRADORES NASALES HIGIENE BEBé SHAMPOO INFANTIL JABON INFANTIL HIGIENE ORAL BEBé ACONDICIONADOR INFANTIL PAñALES DESECHABLES TOALLITAS HúMEDAS,,,,,,unknown,
+595994 874276,+595994 874276 Selecciona método de entrega Gift Card virtual Ingresar Farmacia Lista de Compras Gs. 0 0 0 Categorias OFERTAS CON TODO MEDIO DE PAGO ALMACEN BEBE BEBIDAS CON ALCOHOL BEBIDAS SIN ALCOHOL CONGELADOS DIETETICOS Y SALUDABLES ELECTRODOMESTICOS FERRETERIA FIAMBRERIA HIGIENE PERSONAL HOGAR JUGUETES LACTEOS LIBRERíA LIMPIEZA LINEA SOLAR MASCOTAS MUEBLERIA NAVIDEÑOS PANADERIA PASTAS FRESCAS PERFUMERíA Y BELLEZA PRENDAS PRODUCTOS SIN LACTOSA SNACKS VITAMINAS Y SUPLEMENTOS ALMACEN ACEITES ACEITE DE GIRASOL - MAIZ ACEITE DE OLIVA OTROS ACEITES ADEREZOS-CONDIMENTOS-CALDOS MAYONESAS MOSTAZA SALSAS VINAGRES CONDIMENTOS-CALDOS SALSA GOLF KéTCHUP ACEITUNAS ALIMENTOS ENLATADOS FRUTAS ENLATADAS LEGUMBRES ENLATADOS ATúN-MARISCOS-SARDINAS PATE-PICADILLO-CONSERVA CAFE CAFE SOLUBLE CAFE EN CAPSULA CAFE DE SOJA CAFE DESCAFEINADO CAFE TOSTADO EN GRANO CAFE TOSTADO MOLIDO CAFE TORRADO FILTRO - PORTA FILTRO PARA CAFE DELICATESSEN GOLOSINAS-GALLETITAS CHOCOLATES GALLETITAS DULCES ALFAJORES TURRONES GOLOSINAS PAN DULCE - TURRON - BUDIN GALLETITAS SALADAS POSTRES EN CAJA MERMELADAS-DULCES-MIEL MIEL MERMELADAS-DULCES MANí- MANTECA MANí DULCES DE LECHE PRODUCTOS BASICOS TOMATES EN CONSERVA FIDEOS REMEDIO PARA MATE CEREALES- AVENA LEGUMBRES EN PAQUETES MAIZ EN PAQUETE AZúCAR TE CHOCOLATE EN POLVO SAL HARINAS ARROZ YERBA FRUTOS SECOS PURE DE PAPAS COCIDO REPOSTERíA COLORANTES-CONFITES CREMA DE LECHE-LECHE CONDENSADA CREMAS-POLVO HORNEAR LEVADURA-AZúCAR IMPALPABLE FRUTAS SECAS PARA REPOSTERíA DERIVADOS DEL COCO AROMATIZANTES-SABORIZANTES ALTEZA PERFUMERIA PERFUMERIA Y COSMETICOS BEBE ACC. INFANTILES ANDADORES SILLAS P- COMER CARRITOS SILLAS P-AUTO ALIMENTOS PARA BEBE CAMA BEBE CHUPETES Y MAMADERAS MORDEDORES CHUPETES NORMALES MAMADERAS DIVERSAS TETINAS CUIDADO DEL BEBE CEPILLO LIMPIADOR DE MAMADERA PEINES Y CEPILLOS ESTERILIZADOR DE MAMADERAS ASPIRADORES NASALES HIGIENE BEBé SHAMPOO INFANTIL JABON INFANTIL HIGIENE ORAL BEBé ACONDICIONADOR INFANTIL PAñALES DESECHABLES TOALLITAS HúMEDAS,,,,,,unknown,
+595994 874276,+595994 874276 Selecciona método de entrega Gift Card virtual Ingresar Farmacia Lista de Compras Gs. 0 0 0 Categorias OFERTAS CON TODO MEDIO DE PAGO ALMACEN BEBE BEBIDAS CON ALCOHOL BEBIDAS SIN ALCOHOL CONGELADOS DIETETICOS Y SALUDABLES ELECTRODOMESTICOS FERRETERIA FIAMBRERIA HIGIENE PERSONAL HOGAR JUGUETES LACTEOS LIBRERíA LIMPIEZA LINEA SOLAR MASCOTAS MUEBLERIA NAVIDEÑOS PANADERIA PASTAS FRESCAS PERFUMERíA Y BELLEZA PRENDAS PRODUCTOS SIN LACTOSA SNACKS VITAMINAS Y SUPLEMENTOS ALMACEN ACEITES ACEITE DE GIRASOL - MAIZ ACEITE DE OLIVA OTROS ACEITES ADEREZOS-CONDIMENTOS-CALDOS MAYONESAS MOSTAZA SALSAS VINAGRES CONDIMENTOS-CALDOS SALSA GOLF KéTCHUP ACEITUNAS ALIMENTOS ENLATADOS FRUTAS ENLATADAS LEGUMBRES ENLATADOS ATúN-MARISCOS-SARDINAS PATE-PICADILLO-CONSERVA CAFE CAFE SOLUBLE CAFE EN CAPSULA CAFE DE SOJA CAFE DESCAFEINADO CAFE TOSTADO EN GRANO CAFE TOSTADO MOLIDO CAFE TORRADO FILTRO - PORTA FILTRO PARA CAFE DELICATESSEN GOLOSINAS-GALLETITAS CHOCOLATES GALLETITAS DULCES ALFAJORES TURRONES GOLOSINAS PAN DULCE - TURRON - BUDIN GALLETITAS SALADAS POSTRES EN CAJA MERMELADAS-DULCES-MIEL MIEL MERMELADAS-DULCES MANí- MANTECA MANí DULCES DE LECHE PRODUCTOS BASICOS TOMATES EN CONSERVA FIDEOS REMEDIO PARA MATE CEREALES- AVENA LEGUMBRES EN PAQUETES MAIZ EN PAQUETE AZúCAR TE CHOCOLATE EN POLVO SAL HARINAS ARROZ YERBA FRUTOS SECOS PURE DE PAPAS COCIDO REPOSTERíA COLORANTES-CONFITES CREMA DE LECHE-LECHE CONDENSADA CREMAS-POLVO HORNEAR LEVADURA-AZúCAR IMPALPABLE FRUTAS SECAS PARA REPOSTERíA DERIVADOS DEL COCO AROMATIZANTES-SABORIZANTES ALTEZA PERFUMERIA PERFUMERIA Y COSMETICOS BEBE ACC. INFANTILES ANDADORES SILLAS P- COMER CARRITOS SILLAS P-AUTO ALIMENTOS PARA BEBE CAMA BEBE CHUPETES Y MAMADERAS MORDEDORES CHUPETES NORMALES MAMADERAS DIVERSAS TETINAS CUIDADO DEL BEBE CEPILLO LIMPIADOR DE MAMADERA PEINES Y CEPILLOS ESTERILIZADOR DE MAMADERAS ASPIRADORES NASALES HIGIENE BEBé SHAMPOO INFANTIL JABON INFANTIL HIGIENE ORAL BEBé ACONDICIONADOR INFANTIL PAñALES DESECHABLES TOALLITAS HúMEDAS,,,,,,unknown,
¡Lo mejor te está esperando!,"¡Lo mejor te está esperando! Descarga la app Departamentos Inicia sesión Ofertas de la semana Listas Alsuper Club Alsuper Alsuper card Estás en Alsuper Plus Leones 90 min Inicio > Despensa > Harinas Y Repostería > Harina De Trigo Bobs Red Mill 5 Lb Detalles: La (D)Harina de Trigo Bob's Red Mill de 5 libras es un imprescindible en tu despensa. Perfecta para hornear delicias saludables, esta harina de trigo de alta calidad es ideal para tus recetas de pan, pasteles y galletas. Añad ... Ver más Harina De Trigo Bobs Red Mill 5 Lb $309.90 $329.90 Agregar al carrito Favoritos Agregar a una lista Recomendados -38% $16.90 $26.90 Harina Fina De Trigo El Globo 1 Kg 1 KG Agregar -37% $15.90 $24.90 Harina De Trigo Mimarca 1 Kg 1 KG Agregar -24% $19.90 $25.90 Harina De Maíz Nixtamalizado Maseca... 1 KG Agregar -22% $21.90 $27.90 Harina De Trigo Selecta 1 Kg 1 KG Agregar $21.90 $26.90 Harina De Trigo Integral Aldeana 1 ... 1 KG Agregar $79.90 Tortiharinas Grande Del Pueblo 1 K... 1 KG Agregar $79.90 Tortiharinas Mediana Del Pueblo 1 ... 1 KG Agregar -47% $34.90 $64.90 Harina Para Hot Cakes Caja Pronto 8... 800 GR Agregar $22.90 $27.90 Harina De Maiz Para Antojitos Masec... 1 KG Agregar -27% $19.90 $26.90 Harina De Maiz Azul Maseca 1 Kg 1 KG Agregar -21% $18.90 $23.90 Harina De Maiz Mimarca 1 Kg 1 KG Agregar -21% $35.90 $44.90 Harina Para Hot Cakes Paquete Cueta... 800 GR Agregar $22.90 $26.90 Harina De Maiz Amarillo Maseca 1 Kg 1 KG Agregar -41% $26.90 $44.90 Harina Para Hot Cakes Pronto 500 Gr 500 GR Agregar -39% $21.90 $35.90 Harina Para Hot Cakes Pronto 350 Gr 350 GR Agregar $76.90 $83.90 Harina Para Hotcakes Complete Butte... 907 GR Agregar $59.90 $71.90 Harina Para Hot Cakes Caja Original ... 500 GR Agregar -21% $13.90 $17.50 Harina De Arroz Tres Estrellas 25... 250 GR Agregar $22.90 $27.90 Harina Para Tamal Norteño Maseca 1 ... 1 KG Agregar $119.90 Harina De Almendra Nature´s Heart 4... 400 GR Agregar $26.90 $31.90 Harina De Arroz Tres Estrellas 50... 500 GR Agregar $84.90 ",,30990,,,,unknown,
+595994 874276,+595994 874276 Selecciona método de entrega Gift Card virtual Ingresar Farmacia Lista de Compras Gs. 0 0 0 Categorias OFERTAS CON TODO MEDIO DE PAGO ALMACEN BEBE BEBIDAS CON ALCOHOL BEBIDAS SIN ALCOHOL CONGELADOS DIETETICOS Y SALUDABLES ELECTRODOMESTICOS FERRETERIA FIAMBRERIA HIGIENE PERSONAL HOGAR JUGUETES LACTEOS LIBRERíA LIMPIEZA LINEA SOLAR MASCOTAS MUEBLERIA NAVIDEÑOS PANADERIA PASTAS FRESCAS PERFUMERíA Y BELLEZA PRENDAS PRODUCTOS SIN LACTOSA SNACKS VITAMINAS Y SUPLEMENTOS ALMACEN ACEITES ACEITE DE GIRASOL - MAIZ ACEITE DE OLIVA OTROS ACEITES ADEREZOS-CONDIMENTOS-CALDOS MAYONESAS MOSTAZA SALSAS VINAGRES CONDIMENTOS-CALDOS SALSA GOLF KéTCHUP ACEITUNAS ALIMENTOS ENLATADOS FRUTAS ENLATADAS LEGUMBRES ENLATADOS ATúN-MARISCOS-SARDINAS PATE-PICADILLO-CONSERVA CAFE CAFE SOLUBLE CAFE EN CAPSULA CAFE DE SOJA CAFE DESCAFEINADO CAFE TOSTADO EN GRANO CAFE TOSTADO MOLIDO CAFE TORRADO FILTRO - PORTA FILTRO PARA CAFE DELICATESSEN GOLOSINAS-GALLETITAS CHOCOLATES GALLETITAS DULCES ALFAJORES TURRONES GOLOSINAS PAN DULCE - TURRON - BUDIN GALLETITAS SALADAS POSTRES EN CAJA MERMELADAS-DULCES-MIEL MIEL MERMELADAS-DULCES MANí- MANTECA MANí DULCES DE LECHE PRODUCTOS BASICOS TOMATES EN CONSERVA FIDEOS REMEDIO PARA MATE CEREALES- AVENA LEGUMBRES EN PAQUETES MAIZ EN PAQUETE AZúCAR TE CHOCOLATE EN POLVO SAL HARINAS ARROZ YERBA FRUTOS SECOS PURE DE PAPAS COCIDO REPOSTERíA COLORANTES-CONFITES CREMA DE LECHE-LECHE CONDENSADA CREMAS-POLVO HORNEAR LEVADURA-AZúCAR IMPALPABLE FRUTAS SECAS PARA REPOSTERíA DERIVADOS DEL COCO AROMATIZANTES-SABORIZANTES ALTEZA PERFUMERIA PERFUMERIA Y COSMETICOS BEBE ACC. INFANTILES ANDADORES SILLAS P- COMER CARRITOS SILLAS P-AUTO ALIMENTOS PARA BEBE CAMA BEBE CHUPETES Y MAMADERAS MORDEDORES CHUPETES NORMALES MAMADERAS DIVERSAS TETINAS CUIDADO DEL BEBE CEPILLO LIMPIADOR DE MAMADERA PEINES Y CEPILLOS ESTERILIZADOR DE MAMADERAS ASPIRADORES NASALES HIGIENE BEBé SHAMPOO INFANTIL JABON INFANTIL HIGIENE ORAL BEBé ACONDICIONADOR INFANTIL PAñALES DESECHABLES TOALLITAS HúMEDAS,,,,,,unknown,
+595994 874276,+595994 874276 Selecciona método de entrega Gift Card virtual Ingresar Farmacia Lista de Compras Gs. 0 0 0 Categorias OFERTAS CON TODO MEDIO DE PAGO ALMACEN BEBE BEBIDAS CON ALCOHOL BEBIDAS SIN ALCOHOL CONGELADOS DIETETICOS Y SALUDABLES ELECTRODOMESTICOS FERRETERIA FIAMBRERIA HIGIENE PERSONAL HOGAR JUGUETES LACTEOS LIBRERíA LIMPIEZA LINEA SOLAR MASCOTAS MUEBLERIA NAVIDEÑOS PANADERIA PASTAS FRESCAS PERFUMERíA Y BELLEZA PRENDAS PRODUCTOS SIN LACTOSA SNACKS VITAMINAS Y SUPLEMENTOS ALMACEN ACEITES ACEITE DE GIRASOL - MAIZ ACEITE DE OLIVA OTROS ACEITES ADEREZOS-CONDIMENTOS-CALDOS MAYONESAS MOSTAZA SALSAS VINAGRES CONDIMENTOS-CALDOS SALSA GOLF KéTCHUP ACEITUNAS ALIMENTOS ENLATADOS FRUTAS ENLATADAS LEGUMBRES ENLATADOS ATúN-MARISCOS-SARDINAS PATE-PICADILLO-CONSERVA CAFE CAFE SOLUBLE CAFE EN CAPSULA CAFE DE SOJA CAFE DESCAFEINADO CAFE TOSTADO EN GRANO CAFE TOSTADO MOLIDO CAFE TORRADO FILTRO - PORTA FILTRO PARA CAFE DELICATESSEN GOLOSINAS-GALLETITAS CHOCOLATES GALLETITAS DULCES ALFAJORES TURRONES GOLOSINAS PAN DULCE - TURRON - BUDIN GALLETITAS SALADAS POSTRES EN CAJA MERMELADAS-DULCES-MIEL MIEL MERMELADAS-DULCES MANí- MANTECA MANí DULCES DE LECHE PRODUCTOS BASICOS TOMATES EN CONSERVA FIDEOS REMEDIO PARA MATE CEREALES- AVENA LEGUMBRES EN PAQUETES MAIZ EN PAQUETE AZúCAR TE CHOCOLATE EN POLVO SAL HARINAS ARROZ YERBA FRUTOS SECOS PURE DE PAPAS COCIDO REPOSTERíA COLORANTES-CONFITES CREMA DE LECHE-LECHE CONDENSADA CREMAS-POLVO HORNEAR LEVADURA-AZúCAR IMPALPABLE FRUTAS SECAS PARA REPOSTERíA DERIVADOS DEL COCO AROMATIZANTES-SABORIZANTES ALTEZA PERFUMERIA PERFUMERIA Y COSMETICOS BEBE ACC. INFANTILES ANDADORES SILLAS P- COMER CARRITOS SILLAS P-AUTO ALIMENTOS PARA BEBE CAMA BEBE CHUPETES Y MAMADERAS MORDEDORES CHUPETES NORMALES MAMADERAS DIVERSAS TETINAS CUIDADO DEL BEBE CEPILLO LIMPIADOR DE MAMADERA PEINES Y CEPILLOS ESTERILIZADOR DE MAMADERAS ASPIRADORES NASALES HIGIENE BEBé SHAMPOO INFANTIL JABON INFANTIL HIGIENE ORAL BEBé ACONDICIONADOR INFANTIL PAñALES DESECHABLES TOALLITAS HúMEDAS,,,,,,unknown,
+595994 874276,+595994 874276 Selecciona método de entrega Gift Card virtual Ingresar Farmacia Lista de Compras Gs. 0 0 0 Categorias OFERTAS CON TODO MEDIO DE PAGO ALMACEN BEBE BEBIDAS CON ALCOHOL BEBIDAS SIN ALCOHOL CONGELADOS DIETETICOS Y SALUDABLES ELECTRODOMESTICOS FERRETERIA FIAMBRERIA HIGIENE PERSONAL HOGAR JUGUETES LACTEOS LIBRERíA LIMPIEZA LINEA SOLAR MASCOTAS MUEBLERIA NAVIDEÑOS PANADERIA PASTAS FRESCAS PERFUMERíA Y BELLEZA PRENDAS PRODUCTOS SIN LACTOSA SNACKS VITAMINAS Y SUPLEMENTOS ALMACEN ACEITES ACEITE DE GIRASOL - MAIZ ACEITE DE OLIVA OTROS ACEITES ADEREZOS-CONDIMENTOS-CALDOS MAYONESAS MOSTAZA SALSAS VINAGRES CONDIMENTOS-CALDOS SALSA GOLF KéTCHUP ACEITUNAS ALIMENTOS ENLATADOS FRUTAS ENLATADAS LEGUMBRES ENLATADOS ATúN-MARISCOS-SARDINAS PATE-PICADILLO-CONSERVA CAFE CAFE SOLUBLE CAFE EN CAPSULA CAFE DE SOJA CAFE DESCAFEINADO CAFE TOSTADO EN GRANO CAFE TOSTADO MOLIDO CAFE TORRADO FILTRO - PORTA FILTRO PARA CAFE DELICATESSEN GOLOSINAS-GALLETITAS CHOCOLATES GALLETITAS DULCES ALFAJORES TURRONES GOLOSINAS PAN DULCE - TURRON - BUDIN GALLETITAS SALADAS POSTRES EN CAJA MERMELADAS-DULCES-MIEL MIEL MERMELADAS-DULCES MANí- MANTECA MANí DULCES DE LECHE PRODUCTOS BASICOS TOMATES EN CONSERVA FIDEOS REMEDIO PARA MATE CEREALES- AVENA LEGUMBRES EN PAQUETES MAIZ EN PAQUETE AZúCAR TE CHOCOLATE EN POLVO SAL HARINAS ARROZ YERBA FRUTOS SECOS PURE DE PAPAS COCIDO REPOSTERíA COLORANTES-CONFITES CREMA DE LECHE-LECHE CONDENSADA CREMAS-POLVO HORNEAR LEVADURA-AZúCAR IMPALPABLE FRUTAS SECAS PARA REPOSTERíA DERIVADOS DEL COCO AROMATIZANTES-SABORIZANTES ALTEZA PERFUMERIA PERFUMERIA Y COSMETICOS BEBE ACC. INFANTILES ANDADORES SILLAS P- COMER CARRITOS SILLAS P-AUTO ALIMENTOS PARA BEBE CAMA BEBE CHUPETES Y MAMADERAS MORDEDORES CHUPETES NORMALES MAMADERAS DIVERSAS TETINAS CUIDADO DEL BEBE CEPILLO LIMPIADOR DE MAMADERA PEINES Y CEPILLOS ESTERILIZADOR DE MAMADERAS ASPIRADORES NASALES HIGIENE BEBé SHAMPOO INFANTIL JABON INFANTIL HIGIENE ORAL BEBé ACONDICIONADOR INFANTIL PAñALES DESECHABLES TOALLITAS HúMEDAS,,,,,,unknown,
+595994 874276,+595994 874276 Selecciona método de entrega Gift Card virtual Ingresar Farmacia Lista de Compras Gs. 0 0 0 Categorias OFERTAS CON TODO MEDIO DE PAGO ALMACEN BEBE BEBIDAS CON ALCOHOL BEBIDAS SIN ALCOHOL CONGELADOS DIETETICOS Y SALUDABLES ELECTRODOMESTICOS FERRETERIA FIAMBRERIA HIGIENE PERSONAL HOGAR JUGUETES LACTEOS LIBRERíA LIMPIEZA LINEA SOLAR MASCOTAS MUEBLERIA NAVIDEÑOS PANADERIA PASTAS FRESCAS PERFUMERíA Y BELLEZA PRENDAS PRODUCTOS SIN LACTOSA SNACKS VITAMINAS Y SUPLEMENTOS ALMACEN ACEITES ACEITE DE GIRASOL - MAIZ ACEITE DE OLIVA OTROS ACEITES ADEREZOS-CONDIMENTOS-CALDOS MAYONESAS MOSTAZA SALSAS VINAGRES CONDIMENTOS-CALDOS SALSA GOLF KéTCHUP ACEITUNAS ALIMENTOS ENLATADOS FRUTAS ENLATADAS LEGUMBRES ENLATADOS ATúN-MARISCOS-SARDINAS PATE-PICADILLO-CONSERVA CAFE CAFE SOLUBLE CAFE EN CAPSULA CAFE DE SOJA CAFE DESCAFEINADO CAFE TOSTADO EN GRANO CAFE TOSTADO MOLIDO CAFE TORRADO FILTRO - PORTA FILTRO PARA CAFE DELICATESSEN GOLOSINAS-GALLETITAS CHOCOLATES GALLETITAS DULCES ALFAJORES TURRONES GOLOSINAS PAN DULCE - TURRON - BUDIN GALLETITAS SALADAS POSTRES EN CAJA MERMELADAS-DULCES-MIEL MIEL MERMELADAS-DULCES MANí- MANTECA MANí DULCES DE LECHE PRODUCTOS BASICOS TOMATES EN CONSERVA FIDEOS REMEDIO PARA MATE CEREALES- AVENA LEGUMBRES EN PAQUETES MAIZ EN PAQUETE AZúCAR TE CHOCOLATE EN POLVO SAL HARINAS ARROZ YERBA FRUTOS SECOS PURE DE PAPAS COCIDO REPOSTERíA COLORANTES-CONFITES CREMA DE LECHE-LECHE CONDENSADA CREMAS-POLVO HORNEAR LEVADURA-AZúCAR IMPALPABLE FRUTAS SECAS PARA REPOSTERíA DERIVADOS DEL COCO AROMATIZANTES-SABORIZANTES ALTEZA PERFUMERIA PERFUMERIA Y COSMETICOS BEBE ACC. INFANTILES ANDADORES SILLAS P- COMER CARRITOS SILLAS P-AUTO ALIMENTOS PARA BEBE CAMA BEBE CHUPETES Y MAMADERAS MORDEDORES CHUPETES NORMALES MAMADERAS DIVERSAS TETINAS CUIDADO DEL BEBE CEPILLO LIMPIADOR DE MAMADERA PEINES Y CEPILLOS ESTERILIZADOR DE MAMADERAS ASPIRADORES NASALES HIGIENE BEBé SHAMPOO INFANTIL JABON INFANTIL HIGIENE ORAL BEBé ACONDICIONADOR INFANTIL PAñALES DESECHABLES TOALLITAS HúMEDAS,,,,,,unknown,
+595994 874276,+595994 874276 Selecciona método de entrega Gift Card virtual Ingresar Farmacia Lista de Compras Gs. 0 0 0 Categorias OFERTAS CON TODO MEDIO DE PAGO ALMACEN BEBE BEBIDAS CON ALCOHOL BEBIDAS SIN ALCOHOL CONGELADOS DIETETICOS Y SALUDABLES ELECTRODOMESTICOS FERRETERIA FIAMBRERIA HIGIENE PERSONAL HOGAR JUGUETES LACTEOS LIBRERíA LIMPIEZA LINEA SOLAR MASCOTAS MUEBLERIA NAVIDEÑOS PANADERIA PASTAS FRESCAS PERFUMERíA Y BELLEZA PRENDAS PRODUCTOS SIN LACTOSA SNACKS VITAMINAS Y SUPLEMENTOS ALMACEN ACEITES ACEITE DE GIRASOL - MAIZ ACEITE DE OLIVA OTROS ACEITES ADEREZOS-CONDIMENTOS-CALDOS MAYONESAS MOSTAZA SALSAS VINAGRES CONDIMENTOS-CALDOS SALSA GOLF KéTCHUP ACEITUNAS ALIMENTOS ENLATADOS FRUTAS ENLATADAS LEGUMBRES ENLATADOS ATúN-MARISCOS-SARDINAS PATE-PICADILLO-CONSERVA CAFE CAFE SOLUBLE CAFE EN CAPSULA CAFE DE SOJA CAFE DESCAFEINADO CAFE TOSTADO EN GRANO CAFE TOSTADO MOLIDO CAFE TORRADO FILTRO - PORTA FILTRO PARA CAFE DELICATESSEN GOLOSINAS-GALLETITAS CHOCOLATES GALLETITAS DULCES ALFAJORES TURRONES GOLOSINAS PAN DULCE - TURRON - BUDIN GALLETITAS SALADAS POSTRES EN CAJA MERMELADAS-DULCES-MIEL MIEL MERMELADAS-DULCES MANí- MANTECA MANí DULCES DE LECHE PRODUCTOS BASICOS TOMATES EN CONSERVA FIDEOS REMEDIO PARA MATE CEREALES- AVENA LEGUMBRES EN PAQUETES MAIZ EN PAQUETE AZúCAR TE CHOCOLATE EN POLVO SAL HARINAS ARROZ YERBA FRUTOS SECOS PURE DE PAPAS COCIDO REPOSTERíA COLORANTES-CONFITES CREMA DE LECHE-LECHE CONDENSADA CREMAS-POLVO HORNEAR LEVADURA-AZúCAR IMPALPABLE FRUTAS SECAS PARA REPOSTERíA DERIVADOS DEL COCO AROMATIZANTES-SABORIZANTES ALTEZA PERFUMERIA PERFUMERIA Y COSMETICOS BEBE ACC. INFANTILES ANDADORES SILLAS P- COMER CARRITOS SILLAS P-AUTO ALIMENTOS PARA BEBE CAMA BEBE CHUPETES Y MAMADERAS MORDEDORES CHUPETES NORMALES MAMADERAS DIVERSAS TETINAS CUIDADO DEL BEBE CEPILLO LIMPIADOR DE MAMADERA PEINES Y CEPILLOS ESTERILIZADOR DE MAMADERAS ASPIRADORES NASALES HIGIENE BEBé SHAMPOO INFANTIL JABON INFANTIL HIGIENE ORAL BEBé ACONDICIONADOR INFANTIL PAñALES DESECHABLES TOALLITAS HúMEDAS,,,,,,unknown,
+595994 874276,+595994 874276 Selecciona método de entrega Gift Card virtual Ingresar Farmacia Lista de Compras Gs. 0 0 0 Categorias OFERTAS CON TODO MEDIO DE PAGO ALMACEN BEBE BEBIDAS CON ALCOHOL BEBIDAS SIN ALCOHOL CONGELADOS DIETETICOS Y SALUDABLES ELECTRODOMESTICOS FERRETERIA FIAMBRERIA HIGIENE PERSONAL HOGAR JUGUETES LACTEOS LIBRERíA LIMPIEZA LINEA SOLAR MASCOTAS MUEBLERIA NAVIDEÑOS PANADERIA PASTAS FRESCAS PERFUMERíA Y BELLEZA PRENDAS PRODUCTOS SIN LACTOSA SNACKS VITAMINAS Y SUPLEMENTOS ALMACEN ACEITES ACEITE DE GIRASOL - MAIZ ACEITE DE OLIVA OTROS ACEITES ADEREZOS-CONDIMENTOS-CALDOS MAYONESAS MOSTAZA SALSAS VINAGRES CONDIMENTOS-CALDOS SALSA GOLF KéTCHUP ACEITUNAS ALIMENTOS ENLATADOS FRUTAS ENLATADAS LEGUMBRES ENLATADOS ATúN-MARISCOS-SARDINAS PATE-PICADILLO-CONSERVA CAFE CAFE SOLUBLE CAFE EN CAPSULA CAFE DE SOJA CAFE DESCAFEINADO CAFE TOSTADO EN GRANO CAFE TOSTADO MOLIDO CAFE TORRADO FILTRO - PORTA FILTRO PARA CAFE DELICATESSEN GOLOSINAS-GALLETITAS CHOCOLATES GALLETITAS DULCES ALFAJORES TURRONES GOLOSINAS PAN DULCE - TURRON - BUDIN GALLETITAS SALADAS POSTRES EN CAJA MERMELADAS-DULCES-MIEL MIEL MERMELADAS-DULCES MANí- MANTECA MANí DULCES DE LECHE PRODUCTOS BASICOS TOMATES EN CONSERVA FIDEOS REMEDIO PARA MATE CEREALES- AVENA LEGUMBRES EN PAQUETES MAIZ EN PAQUETE AZúCAR TE CHOCOLATE EN POLVO SAL HARINAS ARROZ YERBA FRUTOS SECOS PURE DE PAPAS COCIDO REPOSTERíA COLORANTES-CONFITES CREMA DE LECHE-LECHE CONDENSADA CREMAS-POLVO HORNEAR LEVADURA-AZúCAR IMPALPABLE FRUTAS SECAS PARA REPOSTERíA DERIVADOS DEL COCO AROMATIZANTES-SABORIZANTES ALTEZA PERFUMERIA PERFUMERIA Y COSMETICOS BEBE ACC. INFANTILES ANDADORES SILLAS P- COMER CARRITOS SILLAS P-AUTO ALIMENTOS PARA BEBE CAMA BEBE CHUPETES Y MAMADERAS MORDEDORES CHUPETES NORMALES MAMADERAS DIVERSAS TETINAS CUIDADO DEL BEBE CEPILLO LIMPIADOR DE MAMADERA PEINES Y CEPILLOS ESTERILIZADOR DE MAMADERAS ASPIRADORES NASALES HIGIENE BEBé SHAMPOO INFANTIL JABON INFANTIL HIGIENE ORAL BEBé ACONDICIONADOR INFANTIL PAñALES DESECHABLES TOALLITAS HúMEDAS,,,,,,unknown,
+595994 874276,+595994 874276 Selecciona método de entrega Gift Card virtual Ingresar Farmacia Lista de Compras Gs. 0 0 0 Categorias OFERTAS CON TODO MEDIO DE PAGO ALMACEN BEBE BEBIDAS CON ALCOHOL BEBIDAS SIN ALCOHOL CONGELADOS DIETETICOS Y SALUDABLES ELECTRODOMESTICOS FERRETERIA FIAMBRERIA HIGIENE PERSONAL HOGAR JUGUETES LACTEOS LIBRERíA LIMPIEZA LINEA SOLAR MASCOTAS MUEBLERIA NAVIDEÑOS PANADERIA PASTAS FRESCAS PERFUMERíA Y BELLEZA PRENDAS PRODUCTOS SIN LACTOSA SNACKS VITAMINAS Y SUPLEMENTOS ALMACEN ACEITES ACEITE DE GIRASOL - MAIZ ACEITE DE OLIVA OTROS ACEITES ADEREZOS-CONDIMENTOS-CALDOS MAYONESAS MOSTAZA SALSAS VINAGRES CONDIMENTOS-CALDOS SALSA GOLF KéTCHUP ACEITUNAS ALIMENTOS ENLATADOS FRUTAS ENLATADAS LEGUMBRES ENLATADOS ATúN-MARISCOS-SARDINAS PATE-PICADILLO-CONSERVA CAFE CAFE SOLUBLE CAFE EN CAPSULA CAFE DE SOJA CAFE DESCAFEINADO CAFE TOSTADO EN GRANO CAFE TOSTADO MOLIDO CAFE TORRADO FILTRO - PORTA FILTRO PARA CAFE DELICATESSEN GOLOSINAS-GALLETITAS CHOCOLATES GALLETITAS DULCES ALFAJORES TURRONES GOLOSINAS PAN DULCE - TURRON - BUDIN GALLETITAS SALADAS POSTRES EN CAJA MERMELADAS-DULCES-MIEL MIEL MERMELADAS-DULCES MANí- MANTECA MANí DULCES DE LECHE PRODUCTOS BASICOS TOMATES EN CONSERVA FIDEOS REMEDIO PARA MATE CEREALES- AVENA LEGUMBRES EN PAQUETES MAIZ EN PAQUETE AZúCAR TE CHOCOLATE EN POLVO SAL HARINAS ARROZ YERBA FRUTOS SECOS PURE DE PAPAS COCIDO REPOSTERíA COLORANTES-CONFITES CREMA DE LECHE-LECHE CONDENSADA CREMAS-POLVO HORNEAR LEVADURA-AZúCAR IMPALPABLE FRUTAS SECAS PARA REPOSTERíA DERIVADOS DEL COCO AROMATIZANTES-SABORIZANTES ALTEZA PERFUMERIA PERFUMERIA Y COSMETICOS BEBE ACC. INFANTILES ANDADORES SILLAS P- COMER CARRITOS SILLAS P-AUTO ALIMENTOS PARA BEBE CAMA BEBE CHUPETES Y MAMADERAS MORDEDORES CHUPETES NORMALES MAMADERAS DIVERSAS TETINAS CUIDADO DEL BEBE CEPILLO LIMPIADOR DE MAMADERA PEINES Y CEPILLOS ESTERILIZADOR DE MAMADERAS ASPIRADORES NASALES HIGIENE BEBé SHAMPOO INFANTIL JABON INFANTIL HIGIENE ORAL BEBé ACONDICIONADOR INFANTIL PAñALES DESECHABLES TOALLITAS HúMEDAS,,,,,,unknown,
+595994 874276,+595994 874276 Selecciona método de entrega Gift Card virtual Ingresar Farmacia Lista de Compras Gs. 0 0 0 Categorias OFERTAS CON TODO MEDIO DE PAGO ALMACEN BEBE BEBIDAS CON ALCOHOL BEBIDAS SIN ALCOHOL CONGELADOS DIETETICOS Y SALUDABLES ELECTRODOMESTICOS FERRETERIA FIAMBRERIA HIGIENE PERSONAL HOGAR JUGUETES LACTEOS LIBRERíA LIMPIEZA LINEA SOLAR MASCOTAS MUEBLERIA NAVIDEÑOS PANADERIA PASTAS FRESCAS PERFUMERíA Y BELLEZA PRENDAS PRODUCTOS SIN LACTOSA SNACKS VITAMINAS Y SUPLEMENTOS ALMACEN ACEITES ACEITE DE GIRASOL - MAIZ ACEITE DE OLIVA OTROS ACEITES ADEREZOS-CONDIMENTOS-CALDOS MAYONESAS MOSTAZA SALSAS VINAGRES CONDIMENTOS-CALDOS SALSA GOLF KéTCHUP ACEITUNAS ALIMENTOS ENLATADOS FRUTAS ENLATADAS LEGUMBRES ENLATADOS ATúN-MARISCOS-SARDINAS PATE-PICADILLO-CONSERVA CAFE CAFE SOLUBLE CAFE EN CAPSULA CAFE DE SOJA CAFE DESCAFEINADO CAFE TOSTADO EN GRANO CAFE TOSTADO MOLIDO CAFE TORRADO FILTRO - PORTA FILTRO PARA CAFE DELICATESSEN GOLOSINAS-GALLETITAS CHOCOLATES GALLETITAS DULCES ALFAJORES TURRONES GOLOSINAS PAN DULCE - TURRON - BUDIN GALLETITAS SALADAS POSTRES EN CAJA MERMELADAS-DULCES-MIEL MIEL MERMELADAS-DULCES MANí- MANTECA MANí DULCES DE LECHE PRODUCTOS BASICOS TOMATES EN CONSERVA FIDEOS REMEDIO PARA MATE CEREALES- AVENA LEGUMBRES EN PAQUETES MAIZ EN PAQUETE AZúCAR TE CHOCOLATE EN POLVO SAL HARINAS ARROZ YERBA FRUTOS SECOS PURE DE PAPAS COCIDO REPOSTERíA COLORANTES-CONFITES CREMA DE LECHE-LECHE CONDENSADA CREMAS-POLVO HORNEAR LEVADURA-AZúCAR IMPALPABLE FRUTAS SECAS PARA REPOSTERíA DERIVADOS DEL COCO AROMATIZANTES-SABORIZANTES ALTEZA PERFUMERIA PERFUMERIA Y COSMETICOS BEBE ACC. INFANTILES ANDADORES SILLAS P- COMER CARRITOS SILLAS P-AUTO ALIMENTOS PARA BEBE CAMA BEBE CHUPETES Y MAMADERAS MORDEDORES CHUPETES NORMALES MAMADERAS DIVERSAS TETINAS CUIDADO DEL BEBE CEPILLO LIMPIADOR DE MAMADERA PEINES Y CEPILLOS ESTERILIZADOR DE MAMADERAS ASPIRADORES NASALES HIGIENE BEBé SHAMPOO INFANTIL JABON INFANTIL HIGIENE ORAL BEBé ACONDICIONADOR INFANTIL PAñALES DESECHABLES TOALLITAS HúMEDAS,,022,,,,unknown,
+595994 874276,+595994 874276 Selecciona método de entrega Gift Card virtual Ingresar Farmacia Lista de Compras Gs. 0 0 0 Categorias OFERTAS CON TODO MEDIO DE PAGO ALMACEN BEBE BEBIDAS CON ALCOHOL BEBIDAS SIN ALCOHOL CONGELADOS DIETETICOS Y SALUDABLES ELECTRODOMESTICOS FERRETERIA FIAMBRERIA HIGIENE PERSONAL HOGAR JUGUETES LACTEOS LIBRERíA LIMPIEZA LINEA SOLAR MASCOTAS MUEBLERIA NAVIDEÑOS PANADERIA PASTAS FRESCAS PERFUMERíA Y BELLEZA PRENDAS PRODUCTOS SIN LACTOSA SNACKS VITAMINAS Y SUPLEMENTOS ALMACEN ACEITES ACEITE DE GIRASOL - MAIZ ACEITE DE OLIVA OTROS ACEITES ADEREZOS-CONDIMENTOS-CALDOS MAYONESAS MOSTAZA SALSAS VINAGRES CONDIMENTOS-CALDOS SALSA GOLF KéTCHUP ACEITUNAS ALIMENTOS ENLATADOS FRUTAS ENLATADAS LEGUMBRES ENLATADOS ATúN-MARISCOS-SARDINAS PATE-PICADILLO-CONSERVA CAFE CAFE SOLUBLE CAFE EN CAPSULA CAFE DE SOJA CAFE DESCAFEINADO CAFE TOSTADO EN GRANO CAFE TOSTADO MOLIDO CAFE TORRADO FILTRO - PORTA FILTRO PARA CAFE DELICATESSEN GOLOSINAS-GALLETITAS CHOCOLATES GALLETITAS DULCES ALFAJORES TURRONES GOLOSINAS PAN DULCE - TURRON - BUDIN GALLETITAS SALADAS POSTRES EN CAJA MERMELADAS-DULCES-MIEL MIEL MERMELADAS-DULCES MANí- MANTECA MANí DULCES DE LECHE PRODUCTOS BASICOS TOMATES EN CONSERVA FIDEOS REMEDIO PARA MATE CEREALES- AVENA LEGUMBRES EN PAQUETES MAIZ EN PAQUETE AZúCAR TE CHOCOLATE EN POLVO SAL HARINAS ARROZ YERBA FRUTOS SECOS PURE DE PAPAS COCIDO REPOSTERíA COLORANTES-CONFITES CREMA DE LECHE-LECHE CONDENSADA CREMAS-POLVO HORNEAR LEVADURA-AZúCAR IMPALPABLE FRUTAS SECAS PARA REPOSTERíA DERIVADOS DEL COCO AROMATIZANTES-SABORIZANTES ALTEZA PERFUMERIA PERFUMERIA Y COSMETICOS BEBE ACC. INFANTILES ANDADORES SILLAS P- COMER CARRITOS SILLAS P-AUTO ALIMENTOS PARA BEBE CAMA BEBE CHUPETES Y MAMADERAS MORDEDORES CHUPETES NORMALES MAMADERAS DIVERSAS TETINAS CUIDADO DEL BEBE CEPILLO LIMPIADOR DE MAMADERA PEINES Y CEPILLOS ESTERILIZADOR DE MAMADERAS ASPIRADORES NASALES HIGIENE BEBé SHAMPOO INFANTIL JABON INFANTIL HIGIENE ORAL BEBé ACONDICIONADOR INFANTIL PAñALES DESECHABLES TOALLITAS HúMEDAS,,,,,,unknown,
+595994 874276,+595994 874276 Selecciona método de entrega Gift Card virtual Ingresar Farmacia Lista de Compras Gs. 0 0 0 Categorias OFERTAS CON TODO MEDIO DE PAGO ALMACEN BEBE BEBIDAS CON ALCOHOL BEBIDAS SIN ALCOHOL CONGELADOS DIETETICOS Y SALUDABLES ELECTRODOMESTICOS FERRETERIA FIAMBRERIA HIGIENE PERSONAL HOGAR JUGUETES LACTEOS LIBRERíA LIMPIEZA LINEA SOLAR MASCOTAS MUEBLERIA NAVIDEÑOS PANADERIA PASTAS FRESCAS PERFUMERíA Y BELLEZA PRENDAS PRODUCTOS SIN LACTOSA SNACKS VITAMINAS Y SUPLEMENTOS ALMACEN ACEITES ACEITE DE GIRASOL - MAIZ ACEITE DE OLIVA OTROS ACEITES ADEREZOS-CONDIMENTOS-CALDOS MAYONESAS MOSTAZA SALSAS VINAGRES CONDIMENTOS-CALDOS SALSA GOLF KéTCHUP ACEITUNAS ALIMENTOS ENLATADOS FRUTAS ENLATADAS LEGUMBRES ENLATADOS ATúN-MARISCOS-SARDINAS PATE-PICADILLO-CONSERVA CAFE CAFE SOLUBLE CAFE EN CAPSULA CAFE DE SOJA CAFE DESCAFEINADO CAFE TOSTADO EN GRANO CAFE TOSTADO MOLIDO CAFE TORRADO FILTRO - PORTA FILTRO PARA CAFE DELICATESSEN GOLOSINAS-GALLETITAS CHOCOLATES GALLETITAS DULCES ALFAJORES TURRONES GOLOSINAS PAN DULCE - TURRON - BUDIN GALLETITAS SALADAS POSTRES EN CAJA MERMELADAS-DULCES-MIEL MIEL MERMELADAS-DULCES MANí- MANTECA MANí DULCES DE LECHE PRODUCTOS BASICOS TOMATES EN CONSERVA FIDEOS REMEDIO PARA MATE CEREALES- AVENA LEGUMBRES EN PAQUETES MAIZ EN PAQUETE AZúCAR TE CHOCOLATE EN POLVO SAL HARINAS ARROZ YERBA FRUTOS SECOS PURE DE PAPAS COCIDO REPOSTERíA COLORANTES-CONFITES CREMA DE LECHE-LECHE CONDENSADA CREMAS-POLVO HORNEAR LEVADURA-AZúCAR IMPALPABLE FRUTAS SECAS PARA REPOSTERíA DERIVADOS DEL COCO AROMATIZANTES-SABORIZANTES ALTEZA PERFUMERIA PERFUMERIA Y COSMETICOS BEBE ACC. INFANTILES ANDADORES SILLAS P- COMER CARRITOS SILLAS P-AUTO ALIMENTOS PARA BEBE CAMA BEBE CHUPETES Y MAMADERAS MORDEDORES CHUPETES NORMALES MAMADERAS DIVERSAS TETINAS CUIDADO DEL BEBE CEPILLO LIMPIADOR DE MAMADERA PEINES Y CEPILLOS ESTERILIZADOR DE MAMADERAS ASPIRADORES NASALES HIGIENE BEBé SHAMPOO INFANTIL JABON INFANTIL HIGIENE ORAL BEBé ACONDICIONADOR INFANTIL PAñALES DESECHABLES TOALLITAS HúMEDAS,,,,,,unknown,
¡Lo mejor te está esperando!,¡Lo mejor te está esperando! Descarga la app Departamentos Inicia sesión Ofertas de la semana Listas Alsuper Club Alsuper Alsuper card Estás en Alsuper Plus Leones 90 min Inicio > Despensa > Harinas Y Repostería > Harina De Trigo Mimarca 1 Kg Detalles: harina de trigo usada generalmente para la elaboracion de tortillas y reposteria como galletas asi como para la empanizacion de alimentos ... Ver más Harina De Trigo Mimarca 1 kg $15.90 $24.90 -37% Agregar al carrito Favoritos Agregar a una lista Recomendados -38% $16.90 $26.90 Harina Fina De Trigo El Globo 1 Kg 1 KG Agregar -37% $15.90 $24.90 Harina De Trigo Mimarca 1 Kg 1 KG Agregar -24% $19.90 $25.90 Harina De Maíz Nixtamalizado Maseca... 1 KG Agregar -22% $21.90 $27.90 Harina De Trigo Selecta 1 Kg 1 KG Agregar $21.90 $26.90 Harina De Trigo Integral Aldeana 1 ... 1 KG Agregar $79.90 Tortiharinas Grande Del Pueblo 1 K... 1 KG Agregar $79.90 Tortiharinas Mediana Del Pueblo 1 ... 1 KG Agregar -47% $34.90 $64.90 Harina Para Hot Cakes Caja Pronto 8... 800 GR Agregar $22.90 $27.90 Harina De Maiz Para Antojitos Masec... 1 KG Agregar -27% $19.90 $26.90 Harina De Maiz Azul Maseca 1 Kg 1 KG Agregar -21% $18.90 $23.90 Harina De Maiz Mimarca 1 Kg 1 KG Agregar -21% $35.90 $44.90 Harina Para Hot Cakes Paquete Cueta... 800 GR Agregar $22.90 $26.90 Harina De Maiz Amarillo Maseca 1 Kg 1 KG Agregar -41% $26.90 $44.90 Harina Para Hot Cakes Pronto 500 Gr 500 GR Agregar -39% $21.90 $35.90 Harina Para Hot Cakes Pronto 350 Gr 350 GR Agregar $76.90 $83.90 Harina Para Hotcakes Complete Butte... 907 GR Agregar $59.90 $71.90 Harina Para Hot Cakes Caja Original ... 500 GR Agregar -21% $13.90 $17.50 Harina De Arroz Tres Estrellas 25... 250 GR Agregar $22.90 $27.90 Harina Para Tamal Norteño Maseca 1 ... 1 KG Agregar $119.90 Harina De Almendra Nature´s Heart 4... 400 GR Agregar $26.90 $31.90 Harina De Arroz Tres Estrellas 50... 500 GR Agregar $84.90 Harina De Coco A De Coco 300 G 300 GR Agregar $149.90 Harina De Almendra Okko 400 G 400 GR Agrega,,1590,,,,unknown,
+595994 874276,+595994 874276 Selecciona método de entrega Gift Card virtual Ingresar Farmacia Lista de Compras Gs. 0 0 0 Categorias OFERTAS CON TODO MEDIO DE PAGO ALMACEN BEBE BEBIDAS CON ALCOHOL BEBIDAS SIN ALCOHOL CONGELADOS DIETETICOS Y SALUDABLES ELECTRODOMESTICOS FERRETERIA FIAMBRERIA HIGIENE PERSONAL HOGAR JUGUETES LACTEOS LIBRERíA LIMPIEZA LINEA SOLAR MASCOTAS MUEBLERIA NAVIDEÑOS PANADERIA PASTAS FRESCAS PERFUMERíA Y BELLEZA PRENDAS PRODUCTOS SIN LACTOSA SNACKS VITAMINAS Y SUPLEMENTOS ALMACEN ACEITES ACEITE DE GIRASOL - MAIZ ACEITE DE OLIVA OTROS ACEITES ADEREZOS-CONDIMENTOS-CALDOS MAYONESAS MOSTAZA SALSAS VINAGRES CONDIMENTOS-CALDOS SALSA GOLF KéTCHUP ACEITUNAS ALIMENTOS ENLATADOS FRUTAS ENLATADAS LEGUMBRES ENLATADOS ATúN-MARISCOS-SARDINAS PATE-PICADILLO-CONSERVA CAFE CAFE SOLUBLE CAFE EN CAPSULA CAFE DE SOJA CAFE DESCAFEINADO CAFE TOSTADO EN GRANO CAFE TOSTADO MOLIDO CAFE TORRADO FILTRO - PORTA FILTRO PARA CAFE DELICATESSEN GOLOSINAS-GALLETITAS CHOCOLATES GALLETITAS DULCES ALFAJORES TURRONES GOLOSINAS PAN DULCE - TURRON - BUDIN GALLETITAS SALADAS POSTRES EN CAJA MERMELADAS-DULCES-MIEL MIEL MERMELADAS-DULCES MANí- MANTECA MANí DULCES DE LECHE PRODUCTOS BASICOS TOMATES EN CONSERVA FIDEOS REMEDIO PARA MATE CEREALES- AVENA LEGUMBRES EN PAQUETES MAIZ EN PAQUETE AZúCAR TE CHOCOLATE EN POLVO SAL HARINAS ARROZ YERBA FRUTOS SECOS PURE DE PAPAS COCIDO REPOSTERíA COLORANTES-CONFITES CREMA DE LECHE-LECHE CONDENSADA CREMAS-POLVO HORNEAR LEVADURA-AZúCAR IMPALPABLE FRUTAS SECAS PARA REPOSTERíA DERIVADOS DEL COCO AROMATIZANTES-SABORIZANTES ALTEZA PERFUMERIA PERFUMERIA Y COSMETICOS BEBE ACC. INFANTILES ANDADORES SILLAS P- COMER CARRITOS SILLAS P-AUTO ALIMENTOS PARA BEBE CAMA BEBE CHUPETES Y MAMADERAS MORDEDORES CHUPETES NORMALES MAMADERAS DIVERSAS TETINAS CUIDADO DEL BEBE CEPILLO LIMPIADOR DE MAMADERA PEINES Y CEPILLOS ESTERILIZADOR DE MAMADERAS ASPIRADORES NASALES HIGIENE BEBé SHAMPOO INFANTIL JABON INFANTIL HIGIENE ORAL BEBé ACONDICIONADOR INFANTIL PAñALES DESECHABLES TOALLITAS HúMEDAS,,,,,,unknown,
+595994 874276,+595994 874276 Selecciona método de entrega Gift Card virtual Ingresar Farmacia Lista de Compras Gs. 0 0 0 Categorias OFERTAS CON TODO MEDIO DE PAGO ALMACEN BEBE BEBIDAS CON ALCOHOL BEBIDAS SIN ALCOHOL CONGELADOS DIETETICOS Y SALUDABLES ELECTRODOMESTICOS FERRETERIA FIAMBRERIA HIGIENE PERSONAL HOGAR JUGUETES LACTEOS LIBRERíA LIMPIEZA LINEA SOLAR MASCOTAS MUEBLERIA NAVIDEÑOS PANADERIA PASTAS FRESCAS PERFUMERíA Y BELLEZA PRENDAS PRODUCTOS SIN LACTOSA SNACKS VITAMINAS Y SUPLEMENTOS ALMACEN ACEITES ACEITE DE GIRASOL - MAIZ ACEITE DE OLIVA OTROS ACEITES ADEREZOS-CONDIMENTOS-CALDOS MAYONESAS MOSTAZA SALSAS VINAGRES CONDIMENTOS-CALDOS SALSA GOLF KéTCHUP ACEITUNAS ALIMENTOS ENLATADOS FRUTAS ENLATADAS LEGUMBRES ENLATADOS ATúN-MARISCOS-SARDINAS PATE-PICADILLO-CONSERVA CAFE CAFE SOLUBLE CAFE EN CAPSULA CAFE DE SOJA CAFE DESCAFEINADO CAFE TOSTADO EN GRANO CAFE TOSTADO MOLIDO CAFE TORRADO FILTRO - PORTA FILTRO PARA CAFE DELICATESSEN GOLOSINAS-GALLETITAS CHOCOLATES GALLETITAS DULCES ALFAJORES TURRONES GOLOSINAS PAN DULCE - TURRON - BUDIN GALLETITAS SALADAS POSTRES EN CAJA MERMELADAS-DULCES-MIEL MIEL MERMELADAS-DULCES MANí- MANTECA MANí DULCES DE LECHE PRODUCTOS BASICOS TOMATES EN CONSERVA FIDEOS REMEDIO PARA MATE CEREALES- AVENA LEGUMBRES EN PAQUETES MAIZ EN PAQUETE AZúCAR TE CHOCOLATE EN POLVO SAL HARINAS ARROZ YERBA FRUTOS SECOS PURE DE PAPAS COCIDO REPOSTERíA COLORANTES-CONFITES CREMA DE LECHE-LECHE CONDENSADA CREMAS-POLVO HORNEAR LEVADURA-AZúCAR IMPALPABLE FRUTAS SECAS PARA REPOSTERíA DERIVADOS DEL COCO AROMATIZANTES-SABORIZANTES ALTEZA PERFUMERIA PERFUMERIA Y COSMETICOS BEBE ACC. INFANTILES ANDADORES SILLAS P- COMER CARRITOS SILLAS P-AUTO ALIMENTOS PARA BEBE CAMA BEBE CHUPETES Y MAMADERAS MORDEDORES CHUPETES NORMALES MAMADERAS DIVERSAS TETINAS CUIDADO DEL BEBE CEPILLO LIMPIADOR DE MAMADERA PEINES Y CEPILLOS ESTERILIZADOR DE MAMADERAS ASPIRADORES NASALES HIGIENE BEBé SHAMPOO INFANTIL JABON INFANTIL HIGIENE ORAL BEBé ACONDICIONADOR INFANTIL PAñALES DESECHABLES TOALLITAS HúMEDAS,,,,,,unknown,
+595994 874276,+595994 874276 Selecciona método de entrega Gift Card virtual Ingresar Farmacia Lista de Compras Gs. 0 0 0 Categorias OFERTAS CON TODO MEDIO DE PAGO ALMACEN BEBE BEBIDAS CON ALCOHOL BEBIDAS SIN ALCOHOL CONGELADOS DIETETICOS Y SALUDABLES ELECTRODOMESTICOS FERRETERIA FIAMBRERIA HIGIENE PERSONAL HOGAR JUGUETES LACTEOS LIBRERíA LIMPIEZA LINEA SOLAR MASCOTAS MUEBLERIA NAVIDEÑOS PANADERIA PASTAS FRESCAS PERFUMERíA Y BELLEZA PRENDAS PRODUCTOS SIN LACTOSA SNACKS VITAMINAS Y SUPLEMENTOS ALMACEN ACEITES ACEITE DE GIRASOL - MAIZ ACEITE DE OLIVA OTROS ACEITES ADEREZOS-CONDIMENTOS-CALDOS MAYONESAS MOSTAZA SALSAS VINAGRES CONDIMENTOS-CALDOS SALSA GOLF KéTCHUP ACEITUNAS ALIMENTOS ENLATADOS FRUTAS ENLATADAS LEGUMBRES ENLATADOS ATúN-MARISCOS-SARDINAS PATE-PICADILLO-CONSERVA CAFE CAFE SOLUBLE CAFE EN CAPSULA CAFE DE SOJA CAFE DESCAFEINADO CAFE TOSTADO EN GRANO CAFE TOSTADO MOLIDO CAFE TORRADO FILTRO - PORTA FILTRO PARA CAFE DELICATESSEN GOLOSINAS-GALLETITAS CHOCOLATES GALLETITAS DULCES ALFAJORES TURRONES GOLOSINAS PAN DULCE - TURRON - BUDIN GALLETITAS SALADAS POSTRES EN CAJA MERMELADAS-DULCES-MIEL MIEL MERMELADAS-DULCES MANí- MANTECA MANí DULCES DE LECHE PRODUCTOS BASICOS TOMATES EN CONSERVA FIDEOS REMEDIO PARA MATE CEREALES- AVENA LEGUMBRES EN PAQUETES MAIZ EN PAQUETE AZúCAR TE CHOCOLATE EN POLVO SAL HARINAS ARROZ YERBA FRUTOS SECOS PURE DE PAPAS COCIDO REPOSTERíA COLORANTES-CONFITES CREMA DE LECHE-LECHE CONDENSADA CREMAS-POLVO HORNEAR LEVADURA-AZúCAR IMPALPABLE FRUTAS SECAS PARA REPOSTERíA DERIVADOS DEL COCO AROMATIZANTES-SABORIZANTES ALTEZA PERFUMERIA PERFUMERIA Y COSMETICOS BEBE ACC. INFANTILES ANDADORES SILLAS P- COMER CARRITOS SILLAS P-AUTO ALIMENTOS PARA BEBE CAMA BEBE CHUPETES Y MAMADERAS MORDEDORES CHUPETES NORMALES MAMADERAS DIVERSAS TETINAS CUIDADO DEL BEBE CEPILLO LIMPIADOR DE MAMADERA PEINES Y CEPILLOS ESTERILIZADOR DE MAMADERAS ASPIRADORES NASALES HIGIENE BEBé SHAMPOO INFANTIL JABON INFANTIL HIGIENE ORAL BEBé ACONDICIONADOR INFANTIL PAñALES DESECHABLES TOALLITAS HúMEDAS,,,,,,unknown,
+595994 874276,+595994 874276 Selecciona método de entrega Gift Card virtual Ingresar Farmacia Lista de Compras Gs. 0 0 0 Categorias OFERTAS CON TODO MEDIO DE PAGO ALMACEN BEBE BEBIDAS CON ALCOHOL BEBIDAS SIN ALCOHOL CONGELADOS DIETETICOS Y SALUDABLES ELECTRODOMESTICOS FERRETERIA FIAMBRERIA HIGIENE PERSONAL HOGAR JUGUETES LACTEOS LIBRERíA LIMPIEZA LINEA SOLAR MASCOTAS MUEBLERIA NAVIDEÑOS PANADERIA PASTAS FRESCAS PERFUMERíA Y BELLEZA PRENDAS PRODUCTOS SIN LACTOSA SNACKS VITAMINAS Y SUPLEMENTOS ALMACEN ACEITES ACEITE DE GIRASOL - MAIZ ACEITE DE OLIVA OTROS ACEITES ADEREZOS-CONDIMENTOS-CALDOS MAYONESAS MOSTAZA SALSAS VINAGRES CONDIMENTOS-CALDOS SALSA GOLF KéTCHUP ACEITUNAS ALIMENTOS ENLATADOS FRUTAS ENLATADAS LEGUMBRES ENLATADOS ATúN-MARISCOS-SARDINAS PATE-PICADILLO-CONSERVA CAFE CAFE SOLUBLE CAFE EN CAPSULA CAFE DE SOJA CAFE DESCAFEINADO CAFE TOSTADO EN GRANO CAFE TOSTADO MOLIDO CAFE TORRADO FILTRO - PORTA FILTRO PARA CAFE DELICATESSEN GOLOSINAS-GALLETITAS CHOCOLATES GALLETITAS DULCES ALFAJORES TURRONES GOLOSINAS PAN DULCE - TURRON - BUDIN GALLETITAS SALADAS POSTRES EN CAJA MERMELADAS-DULCES-MIEL MIEL MERMELADAS-DULCES MANí- MANTECA MANí DULCES DE LECHE PRODUCTOS BASICOS TOMATES EN CONSERVA FIDEOS REMEDIO PARA MATE CEREALES- AVENA LEGUMBRES EN PAQUETES MAIZ EN PAQUETE AZúCAR TE CHOCOLATE EN POLVO SAL HARINAS ARROZ YERBA FRUTOS SECOS PURE DE PAPAS COCIDO REPOSTERíA COLORANTES-CONFITES CREMA DE LECHE-LECHE CONDENSADA CREMAS-POLVO HORNEAR LEVADURA-AZúCAR IMPALPABLE FRUTAS SECAS PARA REPOSTERíA DERIVADOS DEL COCO AROMATIZANTES-SABORIZANTES ALTEZA PERFUMERIA PERFUMERIA Y COSMETICOS BEBE ACC. INFANTILES ANDADORES SILLAS P- COMER CARRITOS SILLAS P-AUTO ALIMENTOS PARA BEBE CAMA BEBE CHUPETES Y MAMADERAS MORDEDORES CHUPETES NORMALES MAMADERAS DIVERSAS TETINAS CUIDADO DEL BEBE CEPILLO LIMPIADOR DE MAMADERA PEINES Y CEPILLOS ESTERILIZADOR DE MAMADERAS ASPIRADORES NASALES HIGIENE BEBé SHAMPOO INFANTIL JABON INFANTIL HIGIENE ORAL BEBé ACONDICIONADOR INFANTIL PAñALES DESECHABLES TOALLITAS HúMEDAS,,,,,,unknown,
+595994 874276,+595994 874276 Selecciona método de entrega Gift Card virtual Ingresar Farmacia Lista de Compras Gs. 0 0 0 Categorias OFERTAS CON TODO MEDIO DE PAGO ALMACEN BEBE BEBIDAS CON ALCOHOL BEBIDAS SIN ALCOHOL CONGELADOS DIETETICOS Y SALUDABLES ELECTRODOMESTICOS FERRETERIA FIAMBRERIA HIGIENE PERSONAL HOGAR JUGUETES LACTEOS LIBRERíA LIMPIEZA LINEA SOLAR MASCOTAS MUEBLERIA NAVIDEÑOS PANADERIA PASTAS FRESCAS PERFUMERíA Y BELLEZA PRENDAS PRODUCTOS SIN LACTOSA SNACKS VITAMINAS Y SUPLEMENTOS ALMACEN ACEITES ACEITE DE GIRASOL - MAIZ ACEITE DE OLIVA OTROS ACEITES ADEREZOS-CONDIMENTOS-CALDOS MAYONESAS MOSTAZA SALSAS VINAGRES CONDIMENTOS-CALDOS SALSA GOLF KéTCHUP ACEITUNAS ALIMENTOS ENLATADOS FRUTAS ENLATADAS LEGUMBRES ENLATADOS ATúN-MARISCOS-SARDINAS PATE-PICADILLO-CONSERVA CAFE CAFE SOLUBLE CAFE EN CAPSULA CAFE DE SOJA CAFE DESCAFEINADO CAFE TOSTADO EN GRANO CAFE TOSTADO MOLIDO CAFE TORRADO FILTRO - PORTA FILTRO PARA CAFE DELICATESSEN GOLOSINAS-GALLETITAS CHOCOLATES GALLETITAS DULCES ALFAJORES TURRONES GOLOSINAS PAN DULCE - TURRON - BUDIN GALLETITAS SALADAS POSTRES EN CAJA MERMELADAS-DULCES-MIEL MIEL MERMELADAS-DULCES MANí- MANTECA MANí DULCES DE LECHE PRODUCTOS BASICOS TOMATES EN CONSERVA FIDEOS REMEDIO PARA MATE CEREALES- AVENA LEGUMBRES EN PAQUETES MAIZ EN PAQUETE AZúCAR TE CHOCOLATE EN POLVO SAL HARINAS ARROZ YERBA FRUTOS SECOS PURE DE PAPAS COCIDO REPOSTERíA COLORANTES-CONFITES CREMA DE LECHE-LECHE CONDENSADA CREMAS-POLVO HORNEAR LEVADURA-AZúCAR IMPALPABLE FRUTAS SECAS PARA REPOSTERíA DERIVADOS DEL COCO AROMATIZANTES-SABORIZANTES ALTEZA PERFUMERIA PERFUMERIA Y COSMETICOS BEBE ACC. INFANTILES ANDADORES SILLAS P- COMER CARRITOS SILLAS P-AUTO ALIMENTOS PARA BEBE CAMA BEBE CHUPETES Y MAMADERAS MORDEDORES CHUPETES NORMALES MAMADERAS DIVERSAS TETINAS CUIDADO DEL BEBE CEPILLO LIMPIADOR DE MAMADERA PEINES Y CEPILLOS ESTERILIZADOR DE MAMADERAS ASPIRADORES NASALES HIGIENE BEBé SHAMPOO INFANTIL JABON INFANTIL HIGIENE ORAL BEBé ACONDICIONADOR INFANTIL PAñALES DESECHABLES TOALLITAS HúMEDAS,,,,,,unknown,
+595994 874276,+595994 874276 Selecciona método de entrega Gift Card virtual Ingresar Farmacia Lista de Compras Gs. 0 0 0 Categorias OFERTAS CON TODO MEDIO DE PAGO ALMACEN BEBE BEBIDAS CON ALCOHOL BEBIDAS SIN ALCOHOL CONGELADOS DIETETICOS Y SALUDABLES ELECTRODOMESTICOS FERRETERIA FIAMBRERIA HIGIENE PERSONAL HOGAR JUGUETES LACTEOS LIBRERíA LIMPIEZA LINEA SOLAR MASCOTAS MUEBLERIA NAVIDEÑOS PANADERIA PASTAS FRESCAS PERFUMERíA Y BELLEZA PRENDAS PRODUCTOS SIN LACTOSA SNACKS VITAMINAS Y SUPLEMENTOS ALMACEN ACEITES ACEITE DE GIRASOL - MAIZ ACEITE DE OLIVA OTROS ACEITES ADEREZOS-CONDIMENTOS-CALDOS MAYONESAS MOSTAZA SALSAS VINAGRES CONDIMENTOS-CALDOS SALSA GOLF KéTCHUP ACEITUNAS ALIMENTOS ENLATADOS FRUTAS ENLATADAS LEGUMBRES ENLATADOS ATúN-MARISCOS-SARDINAS PATE-PICADILLO-CONSERVA CAFE CAFE SOLUBLE CAFE EN CAPSULA CAFE DE SOJA CAFE DESCAFEINADO CAFE TOSTADO EN GRANO CAFE TOSTADO MOLIDO CAFE TORRADO FILTRO - PORTA FILTRO PARA CAFE DELICATESSEN GOLOSINAS-GALLETITAS CHOCOLATES GALLETITAS DULCES ALFAJORES TURRONES GOLOSINAS PAN DULCE - TURRON - BUDIN GALLETITAS SALADAS POSTRES EN CAJA MERMELADAS-DULCES-MIEL MIEL MERMELADAS-DULCES MANí- MANTECA MANí DULCES DE LECHE PRODUCTOS BASICOS TOMATES EN CONSERVA FIDEOS REMEDIO PARA MATE CEREALES- AVENA LEGUMBRES EN PAQUETES MAIZ EN PAQUETE AZúCAR TE CHOCOLATE EN POLVO SAL HARINAS ARROZ YERBA FRUTOS SECOS PURE DE PAPAS COCIDO REPOSTERíA COLORANTES-CONFITES CREMA DE LECHE-LECHE CONDENSADA CREMAS-POLVO HORNEAR LEVADURA-AZúCAR IMPALPABLE FRUTAS SECAS PARA REPOSTERíA DERIVADOS DEL COCO AROMATIZANTES-SABORIZANTES ALTEZA PERFUMERIA PERFUMERIA Y COSMETICOS BEBE ACC. INFANTILES ANDADORES SILLAS P- COMER CARRITOS SILLAS P-AUTO ALIMENTOS PARA BEBE CAMA BEBE CHUPETES Y MAMADERAS MORDEDORES CHUPETES NORMALES MAMADERAS DIVERSAS TETINAS CUIDADO DEL BEBE CEPILLO LIMPIADOR DE MAMADERA PEINES Y CEPILLOS ESTERILIZADOR DE MAMADERAS ASPIRADORES NASALES HIGIENE BEBé SHAMPOO INFANTIL JABON INFANTIL HIGIENE ORAL BEBé ACONDICIONADOR INFANTIL PAñALES DESECHABLES TOALLITAS HúMEDAS,,,,,,unknown,
+595994 874276,+595994 874276 Selecciona método de entrega Gift Card virtual Ingresar Farmacia Lista de Compras Gs. 0 0 0 Categorias OFERTAS CON TODO MEDIO DE PAGO ALMACEN BEBE BEBIDAS CON ALCOHOL BEBIDAS SIN ALCOHOL CONGELADOS DIETETICOS Y SALUDABLES ELECTRODOMESTICOS FERRETERIA FIAMBRERIA HIGIENE PERSONAL HOGAR JUGUETES LACTEOS LIBRERíA LIMPIEZA LINEA SOLAR MASCOTAS MUEBLERIA NAVIDEÑOS PANADERIA PASTAS FRESCAS PERFUMERíA Y BELLEZA PRENDAS PRODUCTOS SIN LACTOSA SNACKS VITAMINAS Y SUPLEMENTOS ALMACEN ACEITES ACEITE DE GIRASOL - MAIZ ACEITE DE OLIVA OTROS ACEITES ADEREZOS-CONDIMENTOS-CALDOS MAYONESAS MOSTAZA SALSAS VINAGRES CONDIMENTOS-CALDOS SALSA GOLF KéTCHUP ACEITUNAS ALIMENTOS ENLATADOS FRUTAS ENLATADAS LEGUMBRES ENLATADOS ATúN-MARISCOS-SARDINAS PATE-PICADILLO-CONSERVA CAFE CAFE SOLUBLE CAFE EN CAPSULA CAFE DE SOJA CAFE DESCAFEINADO CAFE TOSTADO EN GRANO CAFE TOSTADO MOLIDO CAFE TORRADO FILTRO - PORTA FILTRO PARA CAFE DELICATESSEN GOLOSINAS-GALLETITAS CHOCOLATES GALLETITAS DULCES ALFAJORES TURRONES GOLOSINAS PAN DULCE - TURRON - BUDIN GALLETITAS SALADAS POSTRES EN CAJA MERMELADAS-DULCES-MIEL MIEL MERMELADAS-DULCES MANí- MANTECA MANí DULCES DE LECHE PRODUCTOS BASICOS TOMATES EN CONSERVA FIDEOS REMEDIO PARA MATE CEREALES- AVENA LEGUMBRES EN PAQUETES MAIZ EN PAQUETE AZúCAR TE CHOCOLATE EN POLVO SAL HARINAS ARROZ YERBA FRUTOS SECOS PURE DE PAPAS COCIDO REPOSTERíA COLORANTES-CONFITES CREMA DE LECHE-LECHE CONDENSADA CREMAS-POLVO HORNEAR LEVADURA-AZúCAR IMPALPABLE FRUTAS SECAS PARA REPOSTERíA DERIVADOS DEL COCO AROMATIZANTES-SABORIZANTES ALTEZA PERFUMERIA PERFUMERIA Y COSMETICOS BEBE ACC. INFANTILES ANDADORES SILLAS P- COMER CARRITOS SILLAS P-AUTO ALIMENTOS PARA BEBE CAMA BEBE CHUPETES Y MAMADERAS MORDEDORES CHUPETES NORMALES MAMADERAS DIVERSAS TETINAS CUIDADO DEL BEBE CEPILLO LIMPIADOR DE MAMADERA PEINES Y CEPILLOS ESTERILIZADOR DE MAMADERAS ASPIRADORES NASALES HIGIENE BEBé SHAMPOO INFANTIL JABON INFANTIL HIGIENE ORAL BEBé ACONDICIONADOR INFANTIL PAñALES DESECHABLES TOALLITAS HúMEDAS,,,,,,unknown,
Horarios de entrega,Horarios de entrega Podes recibir tus compras el: Hoy 7: 19:00 a 20:00 hs. 19:00 a 20:00 hs. 19:00 a 20:00 hs. 19:00 a 20:00 hs. 18:00 a 19:00 hs. 19:00 a 20:00 hs. LISTA DE COMPRAS Aún no has agregado nada a la lista. BORRAR LISTA Categorias Almacén Aderezos/Condimentos Aceites Aderezos/Salsas Especias Ketchup Mayonesa Mostaza Sal Salsa de Soja/Picantes Tempero Tomatados Vinagres/Otros Alimentos Secos Arroz Snacks Azúcar/Endulzantes Chocolatadas/Batidos Caldos/Sopas/Pure Cereales/ Semillas Delicatessen Dulces Sólidos Dulces/Mermeladas/Miel Fideo/Lasaña/Pasta Galletitas Dulces/Saladas Harinas/Almidón Legumbres secas Leche en Polvo/varios Postres en Polvo Repostería/ Pasteleria Nutriseis Cereales/Semillas Dulces/Mermeladas Azúcar/Endulzantes Galletitas Dulces/Saladas Harina/Soja/Sopas Leche/Café/Chocolate Postres/Dulces Frutos Secos Snacks Bebidas Dieteticas Yogurt/Quesos Golosinas Aderezos/Condimentos/Salsas Panificado Integral Fideo/Arroz Enlatados Yerba/Té Enlatados Aceitunas/Champignon Frutas Enlatadas Verduras enlatadas Paté/Picadillo/Conservas Atún/Mariscos/Sardinas Golosinas Alfajores Caramelos/Chicles Chocolates Turrones Café/Té/Yerba Café Té Yerba Bazar Aire Libre Camping Conservadora/Champañera Terere/Mate Cocina Acces. Madera Acces. Acero Inox. Acces. Aluminio Acces. Plásticos Acces. Teflón Acces. Vidrios Ceramica/Porcelana/Loza Cubiertos Utensilios Cotillón Decoración Servicio de Mesa Vajillas Descartables Varios Decoración/Regalos Decoración Hogar Otros Decoración Organizadores del Hogar Accesorios de Limpieza Lavado/Planchado Organizadores Vajillas Madera Vidrio Metal/Aluminio Plástico/Melamina Bebes Accesorios Alimentación Aseo Muebles y Seguridad Plásticos Alimentos Cereales Leche Preparados Perfumería Cremas y Aceites Capilares Colonias y Fragancias Jabones Pañales desechables Talco Toallitas Humedas Bebidas con Alcohol Aperitivos Con Alcohol Bebidas Blancas Aguardientes Cognac/ Brandie Ron/Cachasa/Caña Tequila Vodka Cervezas Rubias Negras Espumantes,,,,,,unknown,
+595994 874276,+595994 874276 Selecciona método de entrega Gift Card virtual Ingresar Farmacia Lista de Compras Gs. 0 0 0 Categorias OFERTAS CON TODO MEDIO DE PAGO ALMACEN BEBE BEBIDAS CON ALCOHOL BEBIDAS SIN ALCOHOL CONGELADOS DIETETICOS Y SALUDABLES ELECTRODOMESTICOS FERRETERIA FIAMBRERIA HIGIENE PERSONAL HOGAR JUGUETES LACTEOS LIBRERíA LIMPIEZA LINEA SOLAR MASCOTAS MUEBLERIA NAVIDEÑOS PANADERIA PASTAS FRESCAS PERFUMERíA Y BELLEZA PRENDAS PRODUCTOS SIN LACTOSA SNACKS VITAMINAS Y SUPLEMENTOS ALMACEN ACEITES ACEITE DE GIRASOL - MAIZ ACEITE DE OLIVA OTROS ACEITES ADEREZOS-CONDIMENTOS-CALDOS MAYONESAS MOSTAZA SALSAS VINAGRES CONDIMENTOS-CALDOS SALSA GOLF KéTCHUP ACEITUNAS ALIMENTOS ENLATADOS FRUTAS ENLATADAS LEGUMBRES ENLATADOS ATúN-MARISCOS-SARDINAS PATE-PICADILLO-CONSERVA CAFE CAFE SOLUBLE CAFE EN CAPSULA CAFE DE SOJA CAFE DESCAFEINADO CAFE TOSTADO EN GRANO CAFE TOSTADO MOLIDO CAFE TORRADO FILTRO - PORTA FILTRO PARA CAFE DELICATESSEN GOLOSINAS-GALLETITAS CHOCOLATES GALLETITAS DULCES ALFAJORES TURRONES GOLOSINAS PAN DULCE - TURRON - BUDIN GALLETITAS SALADAS POSTRES EN CAJA MERMELADAS-DULCES-MIEL MIEL MERMELADAS-DULCES MANí- MANTECA MANí DULCES DE LECHE PRODUCTOS BASICOS TOMATES EN CONSERVA FIDEOS REMEDIO PARA MATE CEREALES- AVENA LEGUMBRES EN PAQUETES MAIZ EN PAQUETE AZúCAR TE CHOCOLATE EN POLVO SAL HARINAS ARROZ YERBA FRUTOS SECOS PURE DE PAPAS COCIDO REPOSTERíA COLORANTES-CONFITES CREMA DE LECHE-LECHE CONDENSADA CREMAS-POLVO HORNEAR LEVADURA-AZúCAR IMPALPABLE FRUTAS SECAS PARA REPOSTERíA DERIVADOS DEL COCO AROMATIZANTES-SABORIZANTES ALTEZA PERFUMERIA PERFUMERIA Y COSMETICOS BEBE ACC. INFANTILES ANDADORES SILLAS P- COMER CARRITOS SILLAS P-AUTO ALIMENTOS PARA BEBE CAMA BEBE CHUPETES Y MAMADERAS MORDEDORES CHUPETES NORMALES MAMADERAS DIVERSAS TETINAS CUIDADO DEL BEBE CEPILLO LIMPIADOR DE MAMADERA PEINES Y CEPILLOS ESTERILIZADOR DE MAMADERAS ASPIRADORES NASALES HIGIENE BEBé SHAMPOO INFANTIL JABON INFANTIL HIGIENE ORAL BEBé ACONDICIONADOR INFANTIL PAñALES DESECHABLES TOALLITAS HúMEDAS,,,,,,unknown,
+595994 874276,+595994 874276 Selecciona método de entrega Gift Card virtual Ingresar Farmacia Lista de Compras Gs. 0 0 0 Categorias OFERTAS CON TODO MEDIO DE PAGO ALMACEN BEBE BEBIDAS CON ALCOHOL BEBIDAS SIN ALCOHOL CONGELADOS DIETETICOS Y SALUDABLES ELECTRODOMESTICOS FERRETERIA FIAMBRERIA HIGIENE PERSONAL HOGAR JUGUETES LACTEOS LIBRERíA LIMPIEZA LINEA SOLAR MASCOTAS MUEBLERIA NAVIDEÑOS PANADERIA PASTAS FRESCAS PERFUMERíA Y BELLEZA PRENDAS PRODUCTOS SIN LACTOSA SNACKS VITAMINAS Y SUPLEMENTOS ALMACEN ACEITES ACEITE DE GIRASOL - MAIZ ACEITE DE OLIVA OTROS ACEITES ADEREZOS-CONDIMENTOS-CALDOS MAYONESAS MOSTAZA SALSAS VINAGRES CONDIMENTOS-CALDOS SALSA GOLF KéTCHUP ACEITUNAS ALIMENTOS ENLATADOS FRUTAS ENLATADAS LEGUMBRES ENLATADOS ATúN-MARISCOS-SARDINAS PATE-PICADILLO-CONSERVA CAFE CAFE SOLUBLE CAFE EN CAPSULA CAFE DE SOJA CAFE DESCAFEINADO CAFE TOSTADO EN GRANO CAFE TOSTADO MOLIDO CAFE TORRADO FILTRO - PORTA FILTRO PARA CAFE DELICATESSEN GOLOSINAS-GALLETITAS CHOCOLATES GALLETITAS DULCES ALFAJORES TURRONES GOLOSINAS PAN DULCE - TURRON - BUDIN GALLETITAS SALADAS POSTRES EN CAJA MERMELADAS-DULCES-MIEL MIEL MERMELADAS-DULCES MANí- MANTECA MANí DULCES DE LECHE PRODUCTOS BASICOS TOMATES EN CONSERVA FIDEOS REMEDIO PARA MATE CEREALES- AVENA LEGUMBRES EN PAQUETES MAIZ EN PAQUETE AZúCAR TE CHOCOLATE EN POLVO SAL HARINAS ARROZ YERBA FRUTOS SECOS PURE DE PAPAS COCIDO REPOSTERíA COLORANTES-CONFITES CREMA DE LECHE-LECHE CONDENSADA CREMAS-POLVO HORNEAR LEVADURA-AZúCAR IMPALPABLE FRUTAS SECAS PARA REPOSTERíA DERIVADOS DEL COCO AROMATIZANTES-SABORIZANTES ALTEZA PERFUMERIA PERFUMERIA Y COSMETICOS BEBE ACC. INFANTILES ANDADORES SILLAS P- COMER CARRITOS SILLAS P-AUTO ALIMENTOS PARA BEBE CAMA BEBE CHUPETES Y MAMADERAS MORDEDORES CHUPETES NORMALES MAMADERAS DIVERSAS TETINAS CUIDADO DEL BEBE CEPILLO LIMPIADOR DE MAMADERA PEINES Y CEPILLOS ESTERILIZADOR DE MAMADERAS ASPIRADORES NASALES HIGIENE BEBé SHAMPOO INFANTIL JABON INFANTIL HIGIENE ORAL BEBé ACONDICIONADOR INFANTIL PAñALES DESECHABLES TOALLITAS HúMEDAS,,,,,,unknown,
¡Lo mejor te está esperando!,"¡Lo mejor te está esperando! Descarga la app Departamentos Inicia sesión Ofertas de la semana Listas Alsuper Club Alsuper Alsuper card Estás en Alsuper Plus Leones 90 min Inicio > Despensa > Harinas Y Repostería > Harina De Trigo Selecta 1 Kg Detalles: La Harina de Trigo Selecta de 1 kilogramo es un ingrediente esencial en tu despensa. Con su calidad premium, esta harina te ayudará a lograr recetas perfectas, desde panes caseros hasta deliciosos pasteles. Aprovecha su versa ... Ver más Harina De Trigo Selecta 1 kg $21.90 $27.90 -22% Agregar al carrito Favoritos Agregar a una lista Recomendados -38% $16.90 $26.90 Harina Fina De Trigo El Globo 1 Kg 1 KG Agregar -37% $15.90 $24.90 Harina De Trigo Mimarca 1 Kg 1 KG Agregar -24% $19.90 $25.90 Harina De Maíz Nixtamalizado Maseca... 1 KG Agregar -22% $21.90 $27.90 Harina De Trigo Selecta 1 Kg 1 KG Agregar $21.90 $26.90 Harina De Trigo Integral Aldeana 1 ... 1 KG Agregar $79.90 Tortiharinas Grande Del Pueblo 1 K... 1 KG Agregar $79.90 Tortiharinas Mediana Del Pueblo 1 ... 1 KG Agregar -47% $34.90 $64.90 Harina Para Hot Cakes Caja Pronto 8... 800 GR Agregar $22.90 $27.90 Harina De Maiz Para Antojitos Masec... 1 KG Agregar -27% $19.90 $26.90 Harina De Maiz Azul Maseca 1 Kg 1 KG Agregar -21% $18.90 $23.90 Harina De Maiz Mimarca 1 Kg 1 KG Agregar -21% $35.90 $44.90 Harina Para Hot Cakes Paquete Cueta... 800 GR Agregar $22.90 $26.90 Harina De Maiz Amarillo Maseca 1 Kg 1 KG Agregar -41% $26.90 $44.90 Harina Para Hot Cakes Pronto 500 Gr 500 GR Agregar -39% $21.90 $35.90 Harina Para Hot Cakes Pronto 350 Gr 350 GR Agregar $76.90 $83.90 Harina Para Hotcakes Complete Butte... 907 GR Agregar $59.90 $71.90 Harina Para Hot Cakes Caja Original ... 500 GR Agregar -21% $13.90 $17.50 Harina De Arroz Tres Estrellas 25... 250 GR Agregar $22.90 $27.90 Harina Para Tamal Norteño Maseca 1 ... 1 KG Agregar $119.90 Harina De Almendra Nature´s Heart 4... 400 GR Agregar $26.90 $31.90 Harina De Arroz Tres Estrellas 50... 500 GR Agregar $84.90 Harina De",,2190,,,,unknown,
+595994 874276,+595994 874276 Selecciona método de entrega Gift Card virtual Ingresar Farmacia Lista de Compras Gs. 0 0 0 Categorias OFERTAS CON TODO MEDIO DE PAGO ALMACEN BEBE BEBIDAS CON ALCOHOL BEBIDAS SIN ALCOHOL CONGELADOS DIETETICOS Y SALUDABLES ELECTRODOMESTICOS FERRETERIA FIAMBRERIA HIGIENE PERSONAL HOGAR JUGUETES LACTEOS LIBRERíA LIMPIEZA LINEA SOLAR MASCOTAS MUEBLERIA NAVIDEÑOS PANADERIA PASTAS FRESCAS PERFUMERíA Y BELLEZA PRENDAS PRODUCTOS SIN LACTOSA SNACKS VITAMINAS Y SUPLEMENTOS ALMACEN ACEITES ACEITE DE GIRASOL - MAIZ ACEITE DE OLIVA OTROS ACEITES ADEREZOS-CONDIMENTOS-CALDOS MAYONESAS MOSTAZA SALSAS VINAGRES CONDIMENTOS-CALDOS SALSA GOLF KéTCHUP ACEITUNAS ALIMENTOS ENLATADOS FRUTAS ENLATADAS LEGUMBRES ENLATADOS ATúN-MARISCOS-SARDINAS PATE-PICADILLO-CONSERVA CAFE CAFE SOLUBLE CAFE EN CAPSULA CAFE DE SOJA CAFE DESCAFEINADO CAFE TOSTADO EN GRANO CAFE TOSTADO MOLIDO CAFE TORRADO FILTRO - PORTA FILTRO PARA CAFE DELICATESSEN GOLOSINAS-GALLETITAS CHOCOLATES GALLETITAS DULCES ALFAJORES TURRONES GOLOSINAS PAN DULCE - TURRON - BUDIN GALLETITAS SALADAS POSTRES EN CAJA MERMELADAS-DULCES-MIEL MIEL MERMELADAS-DULCES MANí- MANTECA MANí DULCES DE LECHE PRODUCTOS BASICOS TOMATES EN CONSERVA FIDEOS REMEDIO PARA MATE CEREALES- AVENA LEGUMBRES EN PAQUETES MAIZ EN PAQUETE AZúCAR TE CHOCOLATE EN POLVO SAL HARINAS ARROZ YERBA FRUTOS SECOS PURE DE PAPAS COCIDO REPOSTERíA COLORANTES-CONFITES CREMA DE LECHE-LECHE CONDENSADA CREMAS-POLVO HORNEAR LEVADURA-AZúCAR IMPALPABLE FRUTAS SECAS PARA REPOSTERíA DERIVADOS DEL COCO AROMATIZANTES-SABORIZANTES ALTEZA PERFUMERIA PERFUMERIA Y COSMETICOS BEBE ACC. INFANTILES ANDADORES SILLAS P- COMER CARRITOS SILLAS P-AUTO ALIMENTOS PARA BEBE CAMA BEBE CHUPETES Y MAMADERAS MORDEDORES CHUPETES NORMALES MAMADERAS DIVERSAS TETINAS CUIDADO DEL BEBE CEPILLO LIMPIADOR DE MAMADERA PEINES Y CEPILLOS ESTERILIZADOR DE MAMADERAS ASPIRADORES NASALES HIGIENE BEBé SHAMPOO INFANTIL JABON INFANTIL HIGIENE ORAL BEBé ACONDICIONADOR INFANTIL PAñALES DESECHABLES TOALLITAS HúMEDAS,,,,,,unknown,
Horarios de entrega,Horarios de entrega Podes recibir tus compras el: Hoy 7: 19:00 a 20:00 hs. 19:00 a 20:00 hs. 19:00 a 20:00 hs. 19:00 a 20:00 hs. 18:00 a 19:00 hs. 19:00 a 20:00 hs. LISTA DE COMPRAS Aún no has agregado nada a la lista. BORRAR LISTA Categorias Almacén Aderezos/Condimentos Aceites Aderezos/Salsas Especias Ketchup Mayonesa Mostaza Sal Salsa de Soja/Picantes Tempero Tomatados Vinagres/Otros Alimentos Secos Arroz Snacks Azúcar/Endulzantes Chocolatadas/Batidos Caldos/Sopas/Pure Cereales/ Semillas Delicatessen Dulces Sólidos Dulces/Mermeladas/Miel Fideo/Lasaña/Pasta Galletitas Dulces/Saladas Harinas/Almidón Legumbres secas Leche en Polvo/varios Postres en Polvo Repostería/ Pasteleria Nutriseis Cereales/Semillas Dulces/Mermeladas Azúcar/Endulzantes Galletitas Dulces/Saladas Harina/Soja/Sopas Leche/Café/Chocolate Postres/Dulces Frutos Secos Snacks Bebidas Dieteticas Yogurt/Quesos Golosinas Aderezos/Condimentos/Salsas Panificado Integral Fideo/Arroz Enlatados Yerba/Té Enlatados Aceitunas/Champignon Frutas Enlatadas Verduras enlatadas Paté/Picadillo/Conservas Atún/Mariscos/Sardinas Golosinas Alfajores Caramelos/Chicles Chocolates Turrones Café/Té/Yerba Café Té Yerba Bazar Aire Libre Camping Conservadora/Champañera Terere/Mate Cocina Acces. Madera Acces. Acero Inox. Acces. Aluminio Acces. Plásticos Acces. Teflón Acces. Vidrios Ceramica/Porcelana/Loza Cubiertos Utensilios Cotillón Decoración Servicio de Mesa Vajillas Descartables Varios Decoración/Regalos Decoración Hogar Otros Decoración Organizadores del Hogar Accesorios de Limpieza Lavado/Planchado Organizadores Vajillas Madera Vidrio Metal/Aluminio Plástico/Melamina Bebes Accesorios Alimentación Aseo Muebles y Seguridad Plásticos Alimentos Cereales Leche Preparados Perfumería Cremas y Aceites Capilares Colonias y Fragancias Jabones Pañales desechables Talco Toallitas Humedas Bebidas con Alcohol Aperitivos Con Alcohol Bebidas Blancas Aguardientes Cognac/ Brandie Ron/Cachasa/Caña Tequila Vodka Cervezas Rubias Negras Espumantes,,0.00,,,,unknown,
Horarios de entrega,Horarios de entrega Podes recibir tus compras el: Hoy 7: 19:00 a 20:00 hs. 19:00 a 20:00 hs. 19:00 a 20:00 hs. 19:00 a 20:00 hs. 18:00 a 19:00 hs. 19:00 a 20:00 hs. LISTA DE COMPRAS Aún no has agregado nada a la lista. BORRAR LISTA Categorias Almacén Aderezos/Condimentos Aceites Aderezos/Salsas Especias Ketchup Mayonesa Mostaza Sal Salsa de Soja/Picantes Tempero Tomatados Vinagres/Otros Alimentos Secos Arroz Snacks Azúcar/Endulzantes Chocolatadas/Batidos Caldos/Sopas/Pure Cereales/ Semillas Delicatessen Dulces Sólidos Dulces/Mermeladas/Miel Fideo/Lasaña/Pasta Galletitas Dulces/Saladas Harinas/Almidón Legumbres secas Leche en Polvo/varios Postres en Polvo Repostería/ Pasteleria Nutriseis Cereales/Semillas Dulces/Mermeladas Azúcar/Endulzantes Galletitas Dulces/Saladas Harina/Soja/Sopas Leche/Café/Chocolate Postres/Dulces Frutos Secos Snacks Bebidas Dieteticas Yogurt/Quesos Golosinas Aderezos/Condimentos/Salsas Panificado Integral Fideo/Arroz Enlatados Yerba/Té Enlatados Aceitunas/Champignon Frutas Enlatadas Verduras enlatadas Paté/Picadillo/Conservas Atún/Mariscos/Sardinas Golosinas Alfajores Caramelos/Chicles Chocolates Turrones Café/Té/Yerba Café Té Yerba Bazar Aire Libre Camping Conservadora/Champañera Terere/Mate Cocina Acces. Madera Acces. Acero Inox. Acces. Aluminio Acces. Plásticos Acces. Teflón Acces. Vidrios Ceramica/Porcelana/Loza Cubiertos Utensilios Cotillón Decoración Servicio de Mesa Vajillas Descartables Varios Decoración/Regalos Decoración Hogar Otros Decoración Organizadores del Hogar Accesorios de Limpieza Lavado/Planchado Organizadores Vajillas Madera Vidrio Metal/Aluminio Plástico/Melamina Bebes Accesorios Alimentación Aseo Muebles y Seguridad Plásticos Alimentos Cereales Leche Preparados Perfumería Cremas y Aceites Capilares Colonias y Fragancias Jabones Pañales desechables Talco Toallitas Humedas Bebidas con Alcohol Aperitivos Con Alcohol Bebidas Blancas Aguardientes Cognac/ Brandie Ron/Cachasa/Caña Tequila Vodka Cervezas Rubias Negras Espumantes,,0.00,,,,unknown,
Horarios de entrega,Horarios de entrega Podes recibir tus compras el: Hoy 7: 19:00 a 20:00 hs. 19:00 a 20:00 hs. 19:00 a 20:00 hs. 19:00 a 20:00 hs. 18:00 a 19:00 hs. 19:00 a 20:00 hs. LISTA DE COMPRAS Aún no has agregado nada a la lista. BORRAR LISTA Categorias Almacén Aderezos/Condimentos Aceites Aderezos/Salsas Especias Ketchup Mayonesa Mostaza Sal Salsa de Soja/Picantes Tempero Tomatados Vinagres/Otros Alimentos Secos Arroz Snacks Azúcar/Endulzantes Chocolatadas/Batidos Caldos/Sopas/Pure Cereales/ Semillas Delicatessen Dulces Sólidos Dulces/Mermeladas/Miel Fideo/Lasaña/Pasta Galletitas Dulces/Saladas Harinas/Almidón Legumbres secas Leche en Polvo/varios Postres en Polvo Repostería/ Pasteleria Nutriseis Cereales/Semillas Dulces/Mermeladas Azúcar/Endulzantes Galletitas Dulces/Saladas Harina/Soja/Sopas Leche/Café/Chocolate Postres/Dulces Frutos Secos Snacks Bebidas Dieteticas Yogurt/Quesos Golosinas Aderezos/Condimentos/Salsas Panificado Integral Fideo/Arroz Enlatados Yerba/Té Enlatados Aceitunas/Champignon Frutas Enlatadas Verduras enlatadas Paté/Picadillo/Conservas Atún/Mariscos/Sardinas Golosinas Alfajores Caramelos/Chicles Chocolates Turrones Café/Té/Yerba Café Té Yerba Bazar Aire Libre Camping Conservadora/Champañera Terere/Mate Cocina Acces. Madera Acces. Acero Inox. Acces. Aluminio Acces. Plásticos Acces. Teflón Acces. Vidrios Ceramica/Porcelana/Loza Cubiertos Utensilios Cotillón Decoración Servicio de Mesa Vajillas Descartables Varios Decoración/Regalos Decoración Hogar Otros Decoración Organizadores del Hogar Accesorios de Limpieza Lavado/Planchado Organizadores Vajillas Madera Vidrio Metal/Aluminio Plástico/Melamina Bebes Accesorios Alimentación Aseo Muebles y Seguridad Plásticos Alimentos Cereales Leche Preparados Perfumería Cremas y Aceites Capilares Colonias y Fragancias Jabones Pañales desechables Talco Toallitas Humedas Bebidas con Alcohol Aperitivos Con Alcohol Bebidas Blancas Aguardientes Cognac/ Brandie Ron/Cachasa/Caña Tequila Vodka Cervezas Rubias Negras Espumantes,,025,,,,unknown,
+595994 874276,+595994 874276 Selecciona método de entrega Gift Card virtual Ingresar Farmacia Lista de Compras Gs. 0 0 0 Categorias OFERTAS CON TODO MEDIO DE PAGO ALMACEN BEBE BEBIDAS CON ALCOHOL BEBIDAS SIN ALCOHOL CONGELADOS DIETETICOS Y SALUDABLES ELECTRODOMESTICOS FERRETERIA FIAMBRERIA HIGIENE PERSONAL HOGAR JUGUETES LACTEOS LIBRERíA LIMPIEZA LINEA SOLAR MASCOTAS MUEBLERIA NAVIDEÑOS PANADERIA PASTAS FRESCAS PERFUMERíA Y BELLEZA PRENDAS PRODUCTOS SIN LACTOSA SNACKS VITAMINAS Y SUPLEMENTOS ALMACEN ACEITES ACEITE DE GIRASOL - MAIZ ACEITE DE OLIVA OTROS ACEITES ADEREZOS-CONDIMENTOS-CALDOS MAYONESAS MOSTAZA SALSAS VINAGRES CONDIMENTOS-CALDOS SALSA GOLF KéTCHUP ACEITUNAS ALIMENTOS ENLATADOS FRUTAS ENLATADAS LEGUMBRES ENLATADOS ATúN-MARISCOS-SARDINAS PATE-PICADILLO-CONSERVA CAFE CAFE SOLUBLE CAFE EN CAPSULA CAFE DE SOJA CAFE DESCAFEINADO CAFE TOSTADO EN GRANO CAFE TOSTADO MOLIDO CAFE TORRADO FILTRO - PORTA FILTRO PARA CAFE DELICATESSEN GOLOSINAS-GALLETITAS CHOCOLATES GALLETITAS DULCES ALFAJORES TURRONES GOLOSINAS PAN DULCE - TURRON - BUDIN GALLETITAS SALADAS POSTRES EN CAJA MERMELADAS-DULCES-MIEL MIEL MERMELADAS-DULCES MANí- MANTECA MANí DULCES DE LECHE PRODUCTOS BASICOS TOMATES EN CONSERVA FIDEOS REMEDIO PARA MATE CEREALES- AVENA LEGUMBRES EN PAQUETES MAIZ EN PAQUETE AZúCAR TE CHOCOLATE EN POLVO SAL HARINAS ARROZ YERBA FRUTOS SECOS PURE DE PAPAS COCIDO REPOSTERíA COLORANTES-CONFITES CREMA DE LECHE-LECHE CONDENSADA CREMAS-POLVO HORNEAR LEVADURA-AZúCAR IMPALPABLE FRUTAS SECAS PARA REPOSTERíA DERIVADOS DEL COCO AROMATIZANTES-SABORIZANTES ALTEZA PERFUMERIA PERFUMERIA Y COSMETICOS BEBE ACC. INFANTILES ANDADORES SILLAS P- COMER CARRITOS SILLAS P-AUTO ALIMENTOS PARA BEBE CAMA BEBE CHUPETES Y MAMADERAS MORDEDORES CHUPETES NORMALES MAMADERAS DIVERSAS TETINAS CUIDADO DEL BEBE CEPILLO LIMPIADOR DE MAMADERA PEINES Y CEPILLOS ESTERILIZADOR DE MAMADERAS ASPIRADORES NASALES HIGIENE BEBé SHAMPOO INFANTIL JABON INFANTIL HIGIENE ORAL BEBé ACONDICIONADOR INFANTIL PAñALES DESECHABLES TOALLITAS HúMEDAS,,,,,,unknown,
Horarios de entrega,Horarios de entrega Podes recibir tus compras el: Hoy 7: 19:00 a 20:00 hs. 19:00 a 20:00 hs. 19:00 a 20:00 hs. 19:00 a 20:00 hs. 18:00 a 19:00 hs. 19:00 a 20:00 hs. LISTA DE COMPRAS Aún no has agregado nada a la lista. BORRAR LISTA Categorias Almacén Aderezos/Condimentos Aceites Aderezos/Salsas Especias Ketchup Mayonesa Mostaza Sal Salsa de Soja/Picantes Tempero Tomatados Vinagres/Otros Alimentos Secos Arroz Snacks Azúcar/Endulzantes Chocolatadas/Batidos Caldos/Sopas/Pure Cereales/ Semillas Delicatessen Dulces Sólidos Dulces/Mermeladas/Miel Fideo/Lasaña/Pasta Galletitas Dulces/Saladas Harinas/Almidón Legumbres secas Leche en Polvo/varios Postres en Polvo Repostería/ Pasteleria Nutriseis Cereales/Semillas Dulces/Mermeladas Azúcar/Endulzantes Galletitas Dulces/Saladas Harina/Soja/Sopas Leche/Café/Chocolate Postres/Dulces Frutos Secos Snacks Bebidas Dieteticas Yogurt/Quesos Golosinas Aderezos/Condimentos/Salsas Panificado Integral Fideo/Arroz Enlatados Yerba/Té Enlatados Aceitunas/Champignon Frutas Enlatadas Verduras enlatadas Paté/Picadillo/Conservas Atún/Mariscos/Sardinas Golosinas Alfajores Caramelos/Chicles Chocolates Turrones Café/Té/Yerba Café Té Yerba Bazar Aire Libre Camping Conservadora/Champañera Terere/Mate Cocina Acces. Madera Acces. Acero Inox. Acces. Aluminio Acces. Plásticos Acces. Teflón Acces. Vidrios Ceramica/Porcelana/Loza Cubiertos Utensilios Cotillón Decoración Servicio de Mesa Vajillas Descartables Varios Decoración/Regalos Decoración Hogar Otros Decoración Organizadores del Hogar Accesorios de Limpieza Lavado/Planchado Organizadores Vajillas Madera Vidrio Metal/Aluminio Plástico/Melamina Bebes Accesorios Alimentación Aseo Muebles y Seguridad Plásticos Alimentos Cereales Leche Preparados Perfumería Cremas y Aceites Capilares Colonias y Fragancias Jabones Pañales desechables Talco Toallitas Humedas Bebidas con Alcohol Aperitivos Con Alcohol Bebidas Blancas Aguardientes Cognac/ Brandie Ron/Cachasa/Caña Tequila Vodka Cervezas Rubias Negras Espumantes,,025,,,,unknown,
+595994 874276,+595994 874276 Selecciona método de entrega Gift Card virtual Ingresar Farmacia Lista de Compras Gs. 0 0 0 Categorias OFERTAS CON TODO MEDIO DE PAGO ALMACEN BEBE BEBIDAS CON ALCOHOL BEBIDAS SIN ALCOHOL CONGELADOS DIETETICOS Y SALUDABLES ELECTRODOMESTICOS FERRETERIA FIAMBRERIA HIGIENE PERSONAL HOGAR JUGUETES LACTEOS LIBRERíA LIMPIEZA LINEA SOLAR MASCOTAS MUEBLERIA NAVIDEÑOS PANADERIA PASTAS FRESCAS PERFUMERíA Y BELLEZA PRENDAS PRODUCTOS SIN LACTOSA SNACKS VITAMINAS Y SUPLEMENTOS ALMACEN ACEITES ACEITE DE GIRASOL - MAIZ ACEITE DE OLIVA OTROS ACEITES ADEREZOS-CONDIMENTOS-CALDOS MAYONESAS MOSTAZA SALSAS VINAGRES CONDIMENTOS-CALDOS SALSA GOLF KéTCHUP ACEITUNAS ALIMENTOS ENLATADOS FRUTAS ENLATADAS LEGUMBRES ENLATADOS ATúN-MARISCOS-SARDINAS PATE-PICADILLO-CONSERVA CAFE CAFE SOLUBLE CAFE EN CAPSULA CAFE DE SOJA CAFE DESCAFEINADO CAFE TOSTADO EN GRANO CAFE TOSTADO MOLIDO CAFE TORRADO FILTRO - PORTA FILTRO PARA CAFE DELICATESSEN GOLOSINAS-GALLETITAS CHOCOLATES GALLETITAS DULCES ALFAJORES TURRONES GOLOSINAS PAN DULCE - TURRON - BUDIN GALLETITAS SALADAS POSTRES EN CAJA MERMELADAS-DULCES-MIEL MIEL MERMELADAS-DULCES MANí- MANTECA MANí DULCES DE LECHE PRODUCTOS BASICOS TOMATES EN CONSERVA FIDEOS REMEDIO PARA MATE CEREALES- AVENA LEGUMBRES EN PAQUETES MAIZ EN PAQUETE AZúCAR TE CHOCOLATE EN POLVO SAL HARINAS ARROZ YERBA FRUTOS SECOS PURE DE PAPAS COCIDO REPOSTERíA COLORANTES-CONFITES CREMA DE LECHE-LECHE CONDENSADA CREMAS-POLVO HORNEAR LEVADURA-AZúCAR IMPALPABLE FRUTAS SECAS PARA REPOSTERíA DERIVADOS DEL COCO AROMATIZANTES-SABORIZANTES ALTEZA PERFUMERIA PERFUMERIA Y COSMETICOS BEBE ACC. INFANTILES ANDADORES SILLAS P- COMER CARRITOS SILLAS P-AUTO ALIMENTOS PARA BEBE CAMA BEBE CHUPETES Y MAMADERAS MORDEDORES CHUPETES NORMALES MAMADERAS DIVERSAS TETINAS CUIDADO DEL BEBE CEPILLO LIMPIADOR DE MAMADERA PEINES Y CEPILLOS ESTERILIZADOR DE MAMADERAS ASPIRADORES NASALES HIGIENE BEBé SHAMPOO INFANTIL JABON INFANTIL HIGIENE ORAL BEBé ACONDICIONADOR INFANTIL PAñALES DESECHABLES TOALLITAS HúMEDAS,,,,,,unknown,
Horarios de entrega,Horarios de entrega Podes recibir tus compras el: Hoy 7: 17:00 a 18:00 hs. 18:00 a 19:00 hs. LISTA DE COMPRAS Aún no has agregado nada a la lista. BORRAR LISTA Categorias Almacén Aderezos/Condimentos Aceites Aderezos/Salsas Especias Ketchup Mayonesa Mostaza Sal Salsa de Soja/Picantes Tempero Tomatados Vinagres/Otros Alimentos Secos Arroz Azúcar/Endulzantes Chocolatadas/Batidos Caldos/Sopas/Pure Cereales/Semillas Delicatessen Dulces Sólidos Dulces/Mermeladas/Miel Fideo/Lasaña/Pasta Galletitas Harinas / Almidón Legumbres secas Leche en Polvo/varios Postres en Polvo Repostería/ Pasteleria Salsas Celiacos Fideos/Fécula Galletitas/Postres Dietéticos/BC Diet/Bajas Calorias Enlatados Frutas Enlatadas Legumbres enlatadas Paté/Picadillo/Conservas Atún/Mariscos/Sardinas Golosinas Alfajores Caramelos/Chicles Chocolates Turrones Café/Té/Yerba Café Té Yerba Snacks Aceitunas/Champignon Bocaditos/ Pororo Mani Nachos/ Palitos Salados Varios snacks Papas Fritas Pepinos/Pickles Bazar Aire Libre Camping Conservadora/Champañera Terere/Mate Cocina Acces. Madera Acces. Acero Inox. Acces. Aluminio Acces. Plásticos Acces. Teflón Acces. Vidrios Ceramica/Porcelana/Loza Cubiertos Utensilios Cotillón Decoración Servicio de Mesa Vajillas Descartables Varios Decoración/Regalos Decoración Hogar Otros Decoración Organizadores del Hogar Lavado/Planchado Organizadores Vajillas Madera Vidrio Metal/Aluminio Plástico/Melamina Bebes Accesorios Alimentación Aseo Muebles y Seguridad Plásticos Alimentos Cereales Leche Preparados Perfumería Aceites Capilares Colonias y Fragancias Cremas Jabones Pañales desechables Talco Toallitas Humedas Bebidas con Alcohol Aperitivos Con Alcohol Bebidas Blancas Aguardientes Cognac/ Brandie Ron/Cachasa/Caña Tequila Vodka Cervezas Rubias Negras Espumantes Vinos Espumantes Sidras Licores Cremosos Normales Vinos Dulces Espumantes Finos Blancos Finos Rosados Finos Tintos Gasificados Tetra Whiskies Estándar Otros Premium Bebidas sin Alcohol Aguas Aguas Mineralizadas Especiales A,,,,,,unknown,
Horarios de entrega,Horarios de entrega Podes recibir tus compras el: Hoy 7: 19:00 a 20:00 hs. 19:00 a 20:00 hs. 19:00 a 20:00 hs. 19:00 a 20:00 hs. 18:00 a 19:00 hs. 19:00 a 20:00 hs. LISTA DE COMPRAS Aún no has agregado nada a la lista. BORRAR LISTA Categorias Almacén Aderezos/Condimentos Aceites Aderezos/Salsas Especias Ketchup Mayonesa Mostaza Sal Salsa de Soja/Picantes Tempero Tomatados Vinagres/Otros Alimentos Secos Arroz Snacks Azúcar/Endulzantes Chocolatadas/Batidos Caldos/Sopas/Pure Cereales/ Semillas Delicatessen Dulces Sólidos Dulces/Mermeladas/Miel Fideo/Lasaña/Pasta Galletitas Dulces/Saladas Harinas/Almidón Legumbres secas Leche en Polvo/varios Postres en Polvo Repostería/ Pasteleria Nutriseis Cereales/Semillas Dulces/Mermeladas Azúcar/Endulzantes Galletitas Dulces/Saladas Harina/Soja/Sopas Leche/Café/Chocolate Postres/Dulces Frutos Secos Snacks Bebidas Dieteticas Yogurt/Quesos Golosinas Aderezos/Condimentos/Salsas Panificado Integral Fideo/Arroz Enlatados Yerba/Té Enlatados Aceitunas/Champignon Frutas Enlatadas Verduras enlatadas Paté/Picadillo/Conservas Atún/Mariscos/Sardinas Golosinas Alfajores Caramelos/Chicles Chocolates Turrones Café/Té/Yerba Café Té Yerba Bazar Aire Libre Camping Conservadora/Champañera Terere/Mate Cocina Acces. Madera Acces. Acero Inox. Acces. Aluminio Acces. Plásticos Acces. Teflón Acces. Vidrios Ceramica/Porcelana/Loza Cubiertos Utensilios Cotillón Decoración Servicio de Mesa Vajillas Descartables Varios Decoración/Regalos Decoración Hogar Otros Decoración Organizadores del Hogar Accesorios de Limpieza Lavado/Planchado Organizadores Vajillas Madera Vidrio Metal/Aluminio Plástico/Melamina Bebes Accesorios Alimentación Aseo Muebles y Seguridad Plásticos Alimentos Cereales Leche Preparados Perfumería Cremas y Aceites Capilares Colonias y Fragancias Jabones Pañales desechables Talco Toallitas Humedas Bebidas con Alcohol Aperitivos Con Alcohol Bebidas Blancas Aguardientes Cognac/ Brandie Ron/Cachasa/Caña Tequila Vodka Cervezas Rubias Negras Espumantes,,080,,,,unknown,
Horarios de entrega,Horarios de entrega Podes recibir tus compras el: Hoy 7: 19:00 a 20:00 hs. 19:00 a 20:00 hs. 19:00 a 20:00 hs. 19:00 a 20:00 hs. 18:00 a 19:00 hs. 19:00 a 20:00 hs. LISTA DE COMPRAS Aún no has agregado nada a la lista. BORRAR LISTA Categorias Almacén Aderezos/Condimentos Aceites Aderezos/Salsas Especias Ketchup Mayonesa Mostaza Sal Salsa de Soja/Picantes Tempero Tomatados Vinagres/Otros Alimentos Secos Arroz Snacks Azúcar/Endulzantes Chocolatadas/Batidos Caldos/Sopas/Pure Cereales/ Semillas Delicatessen Dulces Sólidos Dulces/Mermeladas/Miel Fideo/Lasaña/Pasta Galletitas Dulces/Saladas Harinas/Almidón Legumbres secas Leche en Polvo/varios Postres en Polvo Repostería/ Pasteleria Nutriseis Cereales/Semillas Dulces/Mermeladas Azúcar/Endulzantes Galletitas Dulces/Saladas Harina/Soja/Sopas Leche/Café/Chocolate Postres/Dulces Frutos Secos Snacks Bebidas Dieteticas Yogurt/Quesos Golosinas Aderezos/Condimentos/Salsas Panificado Integral Fideo/Arroz Enlatados Yerba/Té Enlatados Aceitunas/Champignon Frutas Enlatadas Verduras enlatadas Paté/Picadillo/Conservas Atún/Mariscos/Sardinas Golosinas Alfajores Caramelos/Chicles Chocolates Turrones Café/Té/Yerba Café Té Yerba Bazar Aire Libre Camping Conservadora/Champañera Terere/Mate Cocina Acces. Madera Acces. Acero Inox. Acces. Aluminio Acces. Plásticos Acces. Teflón Acces. Vidrios Ceramica/Porcelana/Loza Cubiertos Utensilios Cotillón Decoración Servicio de Mesa Vajillas Descartables Varios Decoración/Regalos Decoración Hogar Otros Decoración Organizadores del Hogar Accesorios de Limpieza Lavado/Planchado Organizadores Vajillas Madera Vidrio Metal/Aluminio Plástico/Melamina Bebes Accesorios Alimentación Aseo Muebles y Seguridad Plásticos Alimentos Cereales Leche Preparados Perfumería Cremas y Aceites Capilares Colonias y Fragancias Jabones Pañales desechables Talco Toallitas Humedas Bebidas con Alcohol Aperitivos Con Alcohol Bebidas Blancas Aguardientes Cognac/ Brandie Ron/Cachasa/Caña Tequila Vodka Cervezas Rubias Negras Espumantes,,0.00,,,,unknown,
¡Lo mejor te está esperando!,"¡Lo mejor te está esperando! Descarga la app Departamentos Inicia sesión Ofertas de la semana Listas Alsuper Club Alsuper Alsuper card Estás en Alsuper Plus Leones 90 min Inicio > Frutas Y Verduras > Verduras > Papa Cambray Kg Detalles: Disfruta del sabor delicado y la textura tierna de nuestras Papas Cambray frescas de 1 kg. Estas pequeñas papas son ideales para acompañar tus platillos gourmet y aportar una presentación elegante. Puedes cocinarlas al vapor, ... Ver más Papa Cambray Kg $36.90 Agregar al carrito Favoritos Agregar a una lista Recomendados $29.90 Papa Cambray Alsuper Pza 1 PZ Agregar $36.90 /Kg Papa Cambray Kg KG Agregar -54% $29.90 /Kg $64.90 Papa Blanca Primera Alsuper Kg KG Agregar $14.90 /Kg $36.90 Papa Morena En Bolsa Kg KG Agregar 3 x $110 $42.90 Ruffles Papas Queso Sabritas 120 G 120 GR Agregar 2 x $100 $62.90 Ruffles Papas Queso Sabritas 185 G 185 GR Agregar $56.90 $62.90 Chips Papas Jalapeño Barcel 150 G 150 GR Agregar -36% $33.90 $52.90 Papas Congeladas Corte Recto Mybra... 500 GR Agregar $84.90 /Kg Torta De Papa Alsuper 1 Kg KG Agregar $58.90 $62.90 Receta Crujiente Papas Sal Sabritas... 160 GR Agregar $12.90 $13.90 Ensalada De Verduras La Costena 22... 220 GR Agregar $58.90 $62.90 Receta Crujiente Papas Flamin Hot ... 160 GR Agregar $58.90 $62.90 Papas Crema Y Especias Sabritas 160... 160 GR AGOTADO $56.90 $62.90 Chips Papas Sal Barcel 150 G 150 GR Agregar $11.90 $13.90 Ensalada De Verduras Clemente Jaqu... 220 GR Agregar $17.90 $21.90 Ensalada De Legumbres Herdez 400 G 400 GR Agregar $21.90 $24.90 Papas Original Sal Pringles 37 G 37 GR Agregar -21% $15.90 $19.90 Ensalada De Verduras Clemente Jaqu... 410 GR Agregar $41.90 $46.90 Papa Casera Sal Kettle Style Enca... 170 GR Agregar $21.90 $24.90 Papas Queso Pringles 40 G 40 GR Agregar $13.90 Ensalada De Legumbres Herdez 215 G 215 GR Agregar $29.90 $36.90 Pure De Papa Verde Valle 160 Gr 160 GR Agregar -36% $33.90 $52.90 Papas Congeladas Corte Ondulado M... 500 GR Agregar $58.90 $62.90 Papa Fla",,3690,,,,unknown,
Horarios de entrega,Horarios de entrega Podes recibir tus compras el: Hoy 7: 19:00 a 20:00 hs. 19:00 a 20:00 hs. 19:00 a 20:00 hs. 19:00 a 20:00 hs. 18:00 a 19:00 hs. 19:00 a 20:00 hs. LISTA DE COMPRAS Aún no has agregado nada a la lista. BORRAR LISTA Categorias Almacén Aderezos/Condimentos Aceites Aderezos/Salsas Especias Ketchup Mayonesa Mostaza Sal Salsa de Soja/Picantes Tempero Tomatados Vinagres/Otros Alimentos Secos Arroz Snacks Azúcar/Endulzantes Chocolatadas/Batidos Caldos/Sopas/Pure Cereales/ Semillas Delicatessen Dulces Sólidos Dulces/Mermeladas/Miel Fideo/Lasaña/Pasta Galletitas Dulces/Saladas Harinas/Almidón Legumbres secas Leche en Polvo/varios Postres en Polvo Repostería/ Pasteleria Nutriseis Cereales/Semillas Dulces/Mermeladas Azúcar/Endulzantes Galletitas Dulces/Saladas Harina/Soja/Sopas Leche/Café/Chocolate Postres/Dulces Frutos Secos Snacks Bebidas Dieteticas Yogurt/Quesos Golosinas Aderezos/Condimentos/Salsas Panificado Integral Fideo/Arroz Enlatados Yerba/Té Enlatados Aceitunas/Champignon Frutas Enlatadas Verduras enlatadas Paté/Picadillo/Conservas Atún/Mariscos/Sardinas Golosinas Alfajores Caramelos/Chicles Chocolates Turrones Café/Té/Yerba Café Té Yerba Bazar Aire Libre Camping Conservadora/Champañera Terere/Mate Cocina Acces. Madera Acces. Acero Inox. Acces. Aluminio Acces. Plásticos Acces. Teflón Acces. Vidrios Ceramica/Porcelana/Loza Cubiertos Utensilios Cotillón Decoración Servicio de Mesa Vajillas Descartables Varios Decoración/Regalos Decoración Hogar Otros Decoración Organizadores del Hogar Accesorios de Limpieza Lavado/Planchado Organizadores Vajillas Madera Vidrio Metal/Aluminio Plástico/Melamina Bebes Accesorios Alimentación Aseo Muebles y Seguridad Plásticos Alimentos Cereales Leche Preparados Perfumería Cremas y Aceites Capilares Colonias y Fragancias Jabones Pañales desechables Talco Toallitas Humedas Bebidas con Alcohol Aperitivos Con Alcohol Bebidas Blancas Aguardientes Cognac/ Brandie Ron/Cachasa/Caña Tequila Vodka Cervezas Rubias Negras Espumantes,,,,,,unknown,
+595994 874276,+595994 874276 Selecciona método de entrega Gift Card virtual Ingresar Farmacia Lista de Compras Gs. 0 0 0 Categorias OFERTAS CON TODO MEDIO DE PAGO ALMACEN BEBE BEBIDAS CON ALCOHOL BEBIDAS SIN ALCOHOL CONGELADOS DIETETICOS Y SALUDABLES ELECTRODOMESTICOS FERRETERIA FIAMBRERIA HIGIENE PERSONAL HOGAR JUGUETES LACTEOS LIBRERíA LIMPIEZA LINEA SOLAR MASCOTAS MUEBLERIA NAVIDEÑOS PANADERIA PASTAS FRESCAS PERFUMERíA Y BELLEZA PRENDAS PRODUCTOS SIN LACTOSA SNACKS VITAMINAS Y SUPLEMENTOS ALMACEN ACEITES ACEITE DE GIRASOL - MAIZ ACEITE DE OLIVA OTROS ACEITES ADEREZOS-CONDIMENTOS-CALDOS MAYONESAS MOSTAZA SALSAS VINAGRES CONDIMENTOS-CALDOS SALSA GOLF KéTCHUP ACEITUNAS ALIMENTOS ENLATADOS FRUTAS ENLATADAS LEGUMBRES ENLATADOS ATúN-MARISCOS-SARDINAS PATE-PICADILLO-CONSERVA CAFE CAFE SOLUBLE CAFE EN CAPSULA CAFE DE SOJA CAFE DESCAFEINADO CAFE TOSTADO EN GRANO CAFE TOSTADO MOLIDO CAFE TORRADO FILTRO - PORTA FILTRO PARA CAFE DELICATESSEN GOLOSINAS-GALLETITAS CHOCOLATES GALLETITAS DULCES ALFAJORES TURRONES GOLOSINAS PAN DULCE - TURRON - BUDIN GALLETITAS SALADAS POSTRES EN CAJA MERMELADAS-DULCES-MIEL MIEL MERMELADAS-DULCES MANí- MANTECA MANí DULCES DE LECHE PRODUCTOS BASICOS TOMATES EN CONSERVA FIDEOS REMEDIO PARA MATE CEREALES- AVENA LEGUMBRES EN PAQUETES MAIZ EN PAQUETE AZúCAR TE CHOCOLATE EN POLVO SAL HARINAS ARROZ YERBA FRUTOS SECOS PURE DE PAPAS COCIDO REPOSTERíA COLORANTES-CONFITES CREMA DE LECHE-LECHE CONDENSADA CREMAS-POLVO HORNEAR LEVADURA-AZúCAR IMPALPABLE FRUTAS SECAS PARA REPOSTERíA DERIVADOS DEL COCO AROMATIZANTES-SABORIZANTES ALTEZA PERFUMERIA PERFUMERIA Y COSMETICOS BEBE ACC. INFANTILES ANDADORES SILLAS P- COMER CARRITOS SILLAS P-AUTO ALIMENTOS PARA BEBE CAMA BEBE CHUPETES Y MAMADERAS MORDEDORES CHUPETES NORMALES MAMADERAS DIVERSAS TETINAS CUIDADO DEL BEBE CEPILLO LIMPIADOR DE MAMADERA PEINES Y CEPILLOS ESTERILIZADOR DE MAMADERAS ASPIRADORES NASALES HIGIENE BEBé SHAMPOO INFANTIL JABON INFANTIL HIGIENE ORAL BEBé ACONDICIONADOR INFANTIL PAñALES DESECHABLES TOALLITAS HúMEDAS,,,,,,unknown,
Horarios de entrega,Horarios de entrega Podes recibir tus compras el: Hoy 7: 19:00 a 20:00 hs. 19:00 a 20:00 hs. 19:00 a 20:00 hs. 19:00 a 20:00 hs. 18:00 a 19:00 hs. 19:00 a 20:00 hs. LISTA DE COMPRAS Aún no has agregado nada a la lista. BORRAR LISTA Categorias Almacén Aderezos/Condimentos Aceites Aderezos/Salsas Especias Ketchup Mayonesa Mostaza Sal Salsa de Soja/Picantes Tempero Tomatados Vinagres/Otros Alimentos Secos Arroz Snacks Azúcar/Endulzantes Chocolatadas/Batidos Caldos/Sopas/Pure Cereales/ Semillas Delicatessen Dulces Sólidos Dulces/Mermeladas/Miel Fideo/Lasaña/Pasta Galletitas Dulces/Saladas Harinas/Almidón Legumbres secas Leche en Polvo/varios Postres en Polvo Repostería/ Pasteleria Nutriseis Cereales/Semillas Dulces/Mermeladas Azúcar/Endulzantes Galletitas Dulces/Saladas Harina/Soja/Sopas Leche/Café/Chocolate Postres/Dulces Frutos Secos Snacks Bebidas Dieteticas Yogurt/Quesos Golosinas Aderezos/Condimentos/Salsas Panificado Integral Fideo/Arroz Enlatados Yerba/Té Enlatados Aceitunas/Champignon Frutas Enlatadas Verduras enlatadas Paté/Picadillo/Conservas Atún/Mariscos/Sardinas Golosinas Alfajores Caramelos/Chicles Chocolates Turrones Café/Té/Yerba Café Té Yerba Bazar Aire Libre Camping Conservadora/Champañera Terere/Mate Cocina Acces. Madera Acces. Acero Inox. Acces. Aluminio Acces. Plásticos Acces. Teflón Acces. Vidrios Ceramica/Porcelana/Loza Cubiertos Utensilios Cotillón Decoración Servicio de Mesa Vajillas Descartables Varios Decoración/Regalos Decoración Hogar Otros Decoración Organizadores del Hogar Accesorios de Limpieza Lavado/Planchado Organizadores Vajillas Madera Vidrio Metal/Aluminio Plástico/Melamina Bebes Accesorios Alimentación Aseo Muebles y Seguridad Plásticos Alimentos Cereales Leche Preparados Perfumería Cremas y Aceites Capilares Colonias y Fragancias Jabones Pañales desechables Talco Toallitas Humedas Bebidas con Alcohol Aperitivos Con Alcohol Bebidas Blancas Aguardientes Cognac/ Brandie Ron/Cachasa/Caña Tequila Vodka Cervezas Rubias Negras Espumantes,,,,,,unknown,
+595994 874276,+595994 874276 Selecciona método de entrega Gift Card virtual Ingresar Farmacia Lista de Compras Gs. 0 0 0 Categorias OFERTAS CON TODO MEDIO DE PAGO ALMACEN BEBE BEBIDAS CON ALCOHOL BEBIDAS SIN ALCOHOL CONGELADOS DIETETICOS Y SALUDABLES ELECTRODOMESTICOS FERRETERIA FIAMBRERIA HIGIENE PERSONAL HOGAR JUGUETES LACTEOS LIBRERíA LIMPIEZA LINEA SOLAR MASCOTAS MUEBLERIA NAVIDEÑOS PANADERIA PASTAS FRESCAS PERFUMERíA Y BELLEZA PRENDAS PRODUCTOS SIN LACTOSA SNACKS VITAMINAS Y SUPLEMENTOS ALMACEN ACEITES ACEITE DE GIRASOL - MAIZ ACEITE DE OLIVA OTROS ACEITES ADEREZOS-CONDIMENTOS-CALDOS MAYONESAS MOSTAZA SALSAS VINAGRES CONDIMENTOS-CALDOS SALSA GOLF KéTCHUP ACEITUNAS ALIMENTOS ENLATADOS FRUTAS ENLATADAS LEGUMBRES ENLATADOS ATúN-MARISCOS-SARDINAS PATE-PICADILLO-CONSERVA CAFE CAFE SOLUBLE CAFE EN CAPSULA CAFE DE SOJA CAFE DESCAFEINADO CAFE TOSTADO EN GRANO CAFE TOSTADO MOLIDO CAFE TORRADO FILTRO - PORTA FILTRO PARA CAFE DELICATESSEN GOLOSINAS-GALLETITAS CHOCOLATES GALLETITAS DULCES ALFAJORES TURRONES GOLOSINAS PAN DULCE - TURRON - BUDIN GALLETITAS SALADAS POSTRES EN CAJA MERMELADAS-DULCES-MIEL MIEL MERMELADAS-DULCES MANí- MANTECA MANí DULCES DE LECHE PRODUCTOS BASICOS TOMATES EN CONSERVA FIDEOS REMEDIO PARA MATE CEREALES- AVENA LEGUMBRES EN PAQUETES MAIZ EN PAQUETE AZúCAR TE CHOCOLATE EN POLVO SAL HARINAS ARROZ YERBA FRUTOS SECOS PURE DE PAPAS COCIDO REPOSTERíA COLORANTES-CONFITES CREMA DE LECHE-LECHE CONDENSADA CREMAS-POLVO HORNEAR LEVADURA-AZúCAR IMPALPABLE FRUTAS SECAS PARA REPOSTERíA DERIVADOS DEL COCO AROMATIZANTES-SABORIZANTES ALTEZA PERFUMERIA PERFUMERIA Y COSMETICOS BEBE ACC. INFANTILES ANDADORES SILLAS P- COMER CARRITOS SILLAS P-AUTO ALIMENTOS PARA BEBE CAMA BEBE CHUPETES Y MAMADERAS MORDEDORES CHUPETES NORMALES MAMADERAS DIVERSAS TETINAS CUIDADO DEL BEBE CEPILLO LIMPIADOR DE MAMADERA PEINES Y CEPILLOS ESTERILIZADOR DE MAMADERAS ASPIRADORES NASALES HIGIENE BEBé SHAMPOO INFANTIL JABON INFANTIL HIGIENE ORAL BEBé ACONDICIONADOR INFANTIL PAñALES DESECHABLES TOALLITAS HúMEDAS,,025,,,,unknown,
+595994 874276,+595994 874276 Selecciona método de entrega Gift Card virtual Ingresar Farmacia Lista de Compras Gs. 0 0 0 Categorias OFERTAS CON TODO MEDIO DE PAGO ALMACEN BEBE BEBIDAS CON ALCOHOL BEBIDAS SIN ALCOHOL CONGELADOS DIETETICOS Y SALUDABLES ELECTRODOMESTICOS FERRETERIA FIAMBRERIA HIGIENE PERSONAL HOGAR JUGUETES LACTEOS LIBRERíA LIMPIEZA LINEA SOLAR MASCOTAS MUEBLERIA NAVIDEÑOS PANADERIA PASTAS FRESCAS PERFUMERíA Y BELLEZA PRENDAS PRODUCTOS SIN LACTOSA SNACKS VITAMINAS Y SUPLEMENTOS ALMACEN ACEITES ACEITE DE GIRASOL - MAIZ ACEITE DE OLIVA OTROS ACEITES ADEREZOS-CONDIMENTOS-CALDOS MAYONESAS MOSTAZA SALSAS VINAGRES CONDIMENTOS-CALDOS SALSA GOLF KéTCHUP ACEITUNAS ALIMENTOS ENLATADOS FRUTAS ENLATADAS LEGUMBRES ENLATADOS ATúN-MARISCOS-SARDINAS PATE-PICADILLO-CONSERVA CAFE CAFE SOLUBLE CAFE EN CAPSULA CAFE DE SOJA CAFE DESCAFEINADO CAFE TOSTADO EN GRANO CAFE TOSTADO MOLIDO CAFE TORRADO FILTRO - PORTA FILTRO PARA CAFE DELICATESSEN GOLOSINAS-GALLETITAS CHOCOLATES GALLETITAS DULCES ALFAJORES TURRONES GOLOSINAS PAN DULCE - TURRON - BUDIN GALLETITAS SALADAS POSTRES EN CAJA MERMELADAS-DULCES-MIEL MIEL MERMELADAS-DULCES MANí- MANTECA MANí DULCES DE LECHE PRODUCTOS BASICOS TOMATES EN CONSERVA FIDEOS REMEDIO PARA MATE CEREALES- AVENA LEGUMBRES EN PAQUETES MAIZ EN PAQUETE AZúCAR TE CHOCOLATE EN POLVO SAL HARINAS ARROZ YERBA FRUTOS SECOS PURE DE PAPAS COCIDO REPOSTERíA COLORANTES-CONFITES CREMA DE LECHE-LECHE CONDENSADA CREMAS-POLVO HORNEAR LEVADURA-AZúCAR IMPALPABLE FRUTAS SECAS PARA REPOSTERíA DERIVADOS DEL COCO AROMATIZANTES-SABORIZANTES ALTEZA PERFUMERIA PERFUMERIA Y COSMETICOS BEBE ACC. INFANTILES ANDADORES SILLAS P- COMER CARRITOS SILLAS P-AUTO ALIMENTOS PARA BEBE CAMA BEBE CHUPETES Y MAMADERAS MORDEDORES CHUPETES NORMALES MAMADERAS DIVERSAS TETINAS CUIDADO DEL BEBE CEPILLO LIMPIADOR DE MAMADERA PEINES Y CEPILLOS ESTERILIZADOR DE MAMADERAS ASPIRADORES NASALES HIGIENE BEBé SHAMPOO INFANTIL JABON INFANTIL HIGIENE ORAL BEBé ACONDICIONADOR INFANTIL PAñALES DESECHABLES TOALLITAS HúMEDAS,,,,,,unknown,
Horarios de entrega,Horarios de entrega Podes recibir tus compras el: Hoy 7: 19:00 a 20:00 hs. 19:00 a 20:00 hs. 19:00 a 20:00 hs. 19:00 a 20:00 hs. 18:00 a 19:00 hs. 19:00 a 20:00 hs. LISTA DE COMPRAS Aún no has agregado nada a la lista. BORRAR LISTA Categorias Almacén Aderezos/Condimentos Aceites Aderezos/Salsas Especias Ketchup Mayonesa Mostaza Sal Salsa de Soja/Picantes Tempero Tomatados Vinagres/Otros Alimentos Secos Arroz Snacks Azúcar/Endulzantes Chocolatadas/Batidos Caldos/Sopas/Pure Cereales/ Semillas Delicatessen Dulces Sólidos Dulces/Mermeladas/Miel Fideo/Lasaña/Pasta Galletitas Dulces/Saladas Harinas/Almidón Legumbres secas Leche en Polvo/varios Postres en Polvo Repostería/ Pasteleria Nutriseis Cereales/Semillas Dulces/Mermeladas Azúcar/Endulzantes Galletitas Dulces/Saladas Harina/Soja/Sopas Leche/Café/Chocolate Postres/Dulces Frutos Secos Snacks Bebidas Dieteticas Yogurt/Quesos Golosinas Aderezos/Condimentos/Salsas Panificado Integral Fideo/Arroz Enlatados Yerba/Té Enlatados Aceitunas/Champignon Frutas Enlatadas Verduras enlatadas Paté/Picadillo/Conservas Atún/Mariscos/Sardinas Golosinas Alfajores Caramelos/Chicles Chocolates Turrones Café/Té/Yerba Café Té Yerba Bazar Aire Libre Camping Conservadora/Champañera Terere/Mate Cocina Acces. Madera Acces. Acero Inox. Acces. Aluminio Acces. Plásticos Acces. Teflón Acces. Vidrios Ceramica/Porcelana/Loza Cubiertos Utensilios Cotillón Decoración Servicio de Mesa Vajillas Descartables Varios Decoración/Regalos Decoración Hogar Otros Decoración Organizadores del Hogar Accesorios de Limpieza Lavado/Planchado Organizadores Vajillas Madera Vidrio Metal/Aluminio Plástico/Melamina Bebes Accesorios Alimentación Aseo Muebles y Seguridad Plásticos Alimentos Cereales Leche Preparados Perfumería Cremas y Aceites Capilares Colonias y Fragancias Jabones Pañales desechables Talco Toallitas Humedas Bebidas con Alcohol Aperitivos Con Alcohol Bebidas Blancas Aguardientes Cognac/ Brandie Ron/Cachasa/Caña Tequila Vodka Cervezas Rubias Negras Espumantes,,,,,,unknown,
Horarios de entrega,Horarios de entrega Podes recibir tus compras el: Hoy 7: 19:00 a 20:00 hs. 19:00 a 20:00 hs. 19:00 a 20:00 hs. 19:00 a 20:00 hs. 18:00 a 19:00 hs. 19:00 a 20:00 hs. LISTA DE COMPRAS Aún no has agregado nada a la lista. BORRAR LISTA Categorias Almacén Aderezos/Condimentos Aceites Aderezos/Salsas Especias Ketchup Mayonesa Mostaza Sal Salsa de Soja/Picantes Tempero Tomatados Vinagres/Otros Alimentos Secos Arroz Snacks Azúcar/Endulzantes Chocolatadas/Batidos Caldos/Sopas/Pure Cereales/ Semillas Delicatessen Dulces Sólidos Dulces/Mermeladas/Miel Fideo/Lasaña/Pasta Galletitas Dulces/Saladas Harinas/Almidón Legumbres secas Leche en Polvo/varios Postres en Polvo Repostería/ Pasteleria Nutriseis Cereales/Semillas Dulces/Mermeladas Azúcar/Endulzantes Galletitas Dulces/Saladas Harina/Soja/Sopas Leche/Café/Chocolate Postres/Dulces Frutos Secos Snacks Bebidas Dieteticas Yogurt/Quesos Golosinas Aderezos/Condimentos/Salsas Panificado Integral Fideo/Arroz Enlatados Yerba/Té Enlatados Aceitunas/Champignon Frutas Enlatadas Verduras enlatadas Paté/Picadillo/Conservas Atún/Mariscos/Sardinas Golosinas Alfajores Caramelos/Chicles Chocolates Turrones Café/Té/Yerba Café Té Yerba Bazar Aire Libre Camping Conservadora/Champañera Terere/Mate Cocina Acces. Madera Acces. Acero Inox. Acces. Aluminio Acces. Plásticos Acces. Teflón Acces. Vidrios Ceramica/Porcelana/Loza Cubiertos Utensilios Cotillón Decoración Servicio de Mesa Vajillas Descartables Varios Decoración/Regalos Decoración Hogar Otros Decoración Organizadores del Hogar Accesorios de Limpieza Lavado/Planchado Organizadores Vajillas Madera Vidrio Metal/Aluminio Plástico/Melamina Bebes Accesorios Alimentación Aseo Muebles y Seguridad Plásticos Alimentos Cereales Leche Preparados Perfumería Cremas y Aceites Capilares Colonias y Fragancias Jabones Pañales desechables Talco Toallitas Humedas Bebidas con Alcohol Aperitivos Con Alcohol Bebidas Blancas Aguardientes Cognac/ Brandie Ron/Cachasa/Caña Tequila Vodka Cervezas Rubias Negras Espumantes,,025,,,,unknown,
+595994 874276,+595994 874276 Selecciona método de entrega Gift Card virtual Ingresar Farmacia Lista de Compras Gs. 0 0 0 Categorias OFERTAS CON TODO MEDIO DE PAGO ALMACEN BEBE BEBIDAS CON ALCOHOL BEBIDAS SIN ALCOHOL CONGELADOS DIETETICOS Y SALUDABLES ELECTRODOMESTICOS FERRETERIA FIAMBRERIA HIGIENE PERSONAL HOGAR JUGUETES LACTEOS LIBRERíA LIMPIEZA LINEA SOLAR MASCOTAS MUEBLERIA NAVIDEÑOS PANADERIA PASTAS FRESCAS PERFUMERíA Y BELLEZA PRENDAS PRODUCTOS SIN LACTOSA SNACKS VITAMINAS Y SUPLEMENTOS ALMACEN ACEITES ACEITE DE GIRASOL - MAIZ ACEITE DE OLIVA OTROS ACEITES ADEREZOS-CONDIMENTOS-CALDOS MAYONESAS MOSTAZA SALSAS VINAGRES CONDIMENTOS-CALDOS SALSA GOLF KéTCHUP ACEITUNAS ALIMENTOS ENLATADOS FRUTAS ENLATADAS LEGUMBRES ENLATADOS ATúN-MARISCOS-SARDINAS PATE-PICADILLO-CONSERVA CAFE CAFE SOLUBLE CAFE EN CAPSULA CAFE DE SOJA CAFE DESCAFEINADO CAFE TOSTADO EN GRANO CAFE TOSTADO MOLIDO CAFE TORRADO FILTRO - PORTA FILTRO PARA CAFE DELICATESSEN GOLOSINAS-GALLETITAS CHOCOLATES GALLETITAS DULCES ALFAJORES TURRONES GOLOSINAS PAN DULCE - TURRON - BUDIN GALLETITAS SALADAS POSTRES EN CAJA MERMELADAS-DULCES-MIEL MIEL MERMELADAS-DULCES MANí- MANTECA MANí DULCES DE LECHE PRODUCTOS BASICOS TOMATES EN CONSERVA FIDEOS REMEDIO PARA MATE CEREALES- AVENA LEGUMBRES EN PAQUETES MAIZ EN PAQUETE AZúCAR TE CHOCOLATE EN POLVO SAL HARINAS ARROZ YERBA FRUTOS SECOS PURE DE PAPAS COCIDO REPOSTERíA COLORANTES-CONFITES CREMA DE LECHE-LECHE CONDENSADA CREMAS-POLVO HORNEAR LEVADURA-AZúCAR IMPALPABLE FRUTAS SECAS PARA REPOSTERíA DERIVADOS DEL COCO AROMATIZANTES-SABORIZANTES ALTEZA PERFUMERIA PERFUMERIA Y COSMETICOS BEBE ACC. INFANTILES ANDADORES SILLAS P- COMER CARRITOS SILLAS P-AUTO ALIMENTOS PARA BEBE CAMA BEBE CHUPETES Y MAMADERAS MORDEDORES CHUPETES NORMALES MAMADERAS DIVERSAS TETINAS CUIDADO DEL BEBE CEPILLO LIMPIADOR DE MAMADERA PEINES Y CEPILLOS ESTERILIZADOR DE MAMADERAS ASPIRADORES NASALES HIGIENE BEBé SHAMPOO INFANTIL JABON INFANTIL HIGIENE ORAL BEBé ACONDICIONADOR INFANTIL PAñALES DESECHABLES TOALLITAS HúMEDAS,,,,,,unknown,
Horarios de entrega,Horarios de entrega Podes recibir tus compras el: Hoy 7: 19:00 a 20:00 hs. 19:00 a 20:00 hs. 19:00 a 20:00 hs. 19:00 a 20:00 hs. 18:00 a 19:00 hs. 19:00 a 20:00 hs. LISTA DE COMPRAS Aún no has agregado nada a la lista. BORRAR LISTA Categorias Almacén Aderezos/Condimentos Aceites Aderezos/Salsas Especias Ketchup Mayonesa Mostaza Sal Salsa de Soja/Picantes Tempero Tomatados Vinagres/Otros Alimentos Secos Arroz Snacks Azúcar/Endulzantes Chocolatadas/Batidos Caldos/Sopas/Pure Cereales/ Semillas Delicatessen Dulces Sólidos Dulces/Mermeladas/Miel Fideo/Lasaña/Pasta Galletitas Dulces/Saladas Harinas/Almidón Legumbres secas Leche en Polvo/varios Postres en Polvo Repostería/ Pasteleria Nutriseis Cereales/Semillas Dulces/Mermeladas Azúcar/Endulzantes Galletitas Dulces/Saladas Harina/Soja/Sopas Leche/Café/Chocolate Postres/Dulces Frutos Secos Snacks Bebidas Dieteticas Yogurt/Quesos Golosinas Aderezos/Condimentos/Salsas Panificado Integral Fideo/Arroz Enlatados Yerba/Té Enlatados Aceitunas/Champignon Frutas Enlatadas Verduras enlatadas Paté/Picadillo/Conservas Atún/Mariscos/Sardinas Golosinas Alfajores Caramelos/Chicles Chocolates Turrones Café/Té/Yerba Café Té Yerba Bazar Aire Libre Camping Conservadora/Champañera Terere/Mate Cocina Acces. Madera Acces. Acero Inox. Acces. Aluminio Acces. Plásticos Acces. Teflón Acces. Vidrios Ceramica/Porcelana/Loza Cubiertos Utensilios Cotillón Decoración Servicio de Mesa Vajillas Descartables Varios Decoración/Regalos Decoración Hogar Otros Decoración Organizadores del Hogar Accesorios de Limpieza Lavado/Planchado Organizadores Vajillas Madera Vidrio Metal/Aluminio Plástico/Melamina Bebes Accesorios Alimentación Aseo Muebles y Seguridad Plásticos Alimentos Cereales Leche Preparados Perfumería Cremas y Aceites Capilares Colonias y Fragancias Jabones Pañales desechables Talco Toallitas Humedas Bebidas con Alcohol Aperitivos Con Alcohol Bebidas Blancas Aguardientes Cognac/ Brandie Ron/Cachasa/Caña Tequila Vodka Cervezas Rubias Negras Espumantes,,,,,,unknown,
Horarios de entrega,Horarios de entrega Podes recibir tus compras el: Hoy 7: 19:00 a 20:00 hs. 19:00 a 20:00 hs. 19:00 a 20:00 hs. 19:00 a 20:00 hs. 18:00 a 19:00 hs. 19:00 a 20:00 hs. LISTA DE COMPRAS Aún no has agregado nada a la lista. BORRAR LISTA Categorias Almacén Aderezos/Condimentos Aceites Aderezos/Salsas Especias Ketchup Mayonesa Mostaza Sal Salsa de Soja/Picantes Tempero Tomatados Vinagres/Otros Alimentos Secos Arroz Snacks Azúcar/Endulzantes Chocolatadas/Batidos Caldos/Sopas/Pure Cereales/ Semillas Delicatessen Dulces Sólidos Dulces/Mermeladas/Miel Fideo/Lasaña/Pasta Galletitas Dulces/Saladas Harinas/Almidón Legumbres secas Leche en Polvo/varios Postres en Polvo Repostería/ Pasteleria Nutriseis Cereales/Semillas Dulces/Mermeladas Azúcar/Endulzantes Galletitas Dulces/Saladas Harina/Soja/Sopas Leche/Café/Chocolate Postres/Dulces Frutos Secos Snacks Bebidas Dieteticas Yogurt/Quesos Golosinas Aderezos/Condimentos/Salsas Panificado Integral Fideo/Arroz Enlatados Yerba/Té Enlatados Aceitunas/Champignon Frutas Enlatadas Verduras enlatadas Paté/Picadillo/Conservas Atún/Mariscos/Sardinas Golosinas Alfajores Caramelos/Chicles Chocolates Turrones Café/Té/Yerba Café Té Yerba Bazar Aire Libre Camping Conservadora/Champañera Terere/Mate Cocina Acces. Madera Acces. Acero Inox. Acces. Aluminio Acces. Plásticos Acces. Teflón Acces. Vidrios Ceramica/Porcelana/Loza Cubiertos Utensilios Cotillón Decoración Servicio de Mesa Vajillas Descartables Varios Decoración/Regalos Decoración Hogar Otros Decoración Organizadores del Hogar Accesorios de Limpieza Lavado/Planchado Organizadores Vajillas Madera Vidrio Metal/Aluminio Plástico/Melamina Bebes Accesorios Alimentación Aseo Muebles y Seguridad Plásticos Alimentos Cereales Leche Preparados Perfumería Cremas y Aceites Capilares Colonias y Fragancias Jabones Pañales desechables Talco Toallitas Humedas Bebidas con Alcohol Aperitivos Con Alcohol Bebidas Blancas Aguardientes Cognac/ Brandie Ron/Cachasa/Caña Tequila Vodka Cervezas Rubias Negras Espumantes,,,,,,unknown,
Se interrumpió la conexión,Se interrumpió la conexión Se detectó un cambio de red. ERR_NETWORK_CHANGED Volver a cargar Se detectó un cambio de red.,,,,,,unknown,
+595994 874276,+595994 874276 Selecciona método de entrega Gift Card virtual Ingresar Farmacia Lista de Compras Gs. 0 0 0 Categorias OFERTAS CON TODO MEDIO DE PAGO ALMACEN BEBE BEBIDAS CON ALCOHOL BEBIDAS SIN ALCOHOL CONGELADOS DIETETICOS Y SALUDABLES ELECTRODOMESTICOS FERRETERIA FIAMBRERIA HIGIENE PERSONAL HOGAR JUGUETES LACTEOS LIBRERíA LIMPIEZA LINEA SOLAR MASCOTAS MUEBLERIA NAVIDEÑOS PANADERIA PASTAS FRESCAS PERFUMERíA Y BELLEZA PRENDAS PRODUCTOS SIN LACTOSA SNACKS VITAMINAS Y SUPLEMENTOS ALMACEN ACEITES ACEITE DE GIRASOL - MAIZ ACEITE DE OLIVA OTROS ACEITES ADEREZOS-CONDIMENTOS-CALDOS MAYONESAS MOSTAZA SALSAS VINAGRES CONDIMENTOS-CALDOS SALSA GOLF KéTCHUP ACEITUNAS ALIMENTOS ENLATADOS FRUTAS ENLATADAS LEGUMBRES ENLATADOS ATúN-MARISCOS-SARDINAS PATE-PICADILLO-CONSERVA CAFE CAFE SOLUBLE CAFE EN CAPSULA CAFE DE SOJA CAFE DESCAFEINADO CAFE TOSTADO EN GRANO CAFE TOSTADO MOLIDO CAFE TORRADO FILTRO - PORTA FILTRO PARA CAFE DELICATESSEN GOLOSINAS-GALLETITAS CHOCOLATES GALLETITAS DULCES ALFAJORES TURRONES GOLOSINAS PAN DULCE - TURRON - BUDIN GALLETITAS SALADAS POSTRES EN CAJA MERMELADAS-DULCES-MIEL MIEL MERMELADAS-DULCES MANí- MANTECA MANí DULCES DE LECHE PRODUCTOS BASICOS TOMATES EN CONSERVA FIDEOS REMEDIO PARA MATE CEREALES- AVENA LEGUMBRES EN PAQUETES MAIZ EN PAQUETE AZúCAR TE CHOCOLATE EN POLVO SAL HARINAS ARROZ YERBA FRUTOS SECOS PURE DE PAPAS COCIDO REPOSTERíA COLORANTES-CONFITES CREMA DE LECHE-LECHE CONDENSADA CREMAS-POLVO HORNEAR LEVADURA-AZúCAR IMPALPABLE FRUTAS SECAS PARA REPOSTERíA DERIVADOS DEL COCO AROMATIZANTES-SABORIZANTES ALTEZA PERFUMERIA PERFUMERIA Y COSMETICOS BEBE ACC. INFANTILES ANDADORES SILLAS P- COMER CARRITOS SILLAS P-AUTO ALIMENTOS PARA BEBE CAMA BEBE CHUPETES Y MAMADERAS MORDEDORES CHUPETES NORMALES MAMADERAS DIVERSAS TETINAS CUIDADO DEL BEBE CEPILLO LIMPIADOR DE MAMADERA PEINES Y CEPILLOS ESTERILIZADOR DE MAMADERAS ASPIRADORES NASALES HIGIENE BEBé SHAMPOO INFANTIL JABON INFANTIL HIGIENE ORAL BEBé ACONDICIONADOR INFANTIL PAñALES DESECHABLES TOALLITAS HúMEDAS,,,,,,unknown,
+595994 874276,+595994 874276 Selecciona método de entrega Gift Card virtual Ingresar Farmacia Lista de Compras Gs. 0 0 0 Categorias OFERTAS CON TODO MEDIO DE PAGO ALMACEN BEBE BEBIDAS CON ALCOHOL BEBIDAS SIN ALCOHOL CONGELADOS DIETETICOS Y SALUDABLES ELECTRODOMESTICOS FERRETERIA FIAMBRERIA HIGIENE PERSONAL HOGAR JUGUETES LACTEOS LIBRERíA LIMPIEZA LINEA SOLAR MASCOTAS MUEBLERIA NAVIDEÑOS PANADERIA PASTAS FRESCAS PERFUMERíA Y BELLEZA PRENDAS PRODUCTOS SIN LACTOSA SNACKS VITAMINAS Y SUPLEMENTOS ALMACEN ACEITES ACEITE DE GIRASOL - MAIZ ACEITE DE OLIVA OTROS ACEITES ADEREZOS-CONDIMENTOS-CALDOS MAYONESAS MOSTAZA SALSAS VINAGRES CONDIMENTOS-CALDOS SALSA GOLF KéTCHUP ACEITUNAS ALIMENTOS ENLATADOS FRUTAS ENLATADAS LEGUMBRES ENLATADOS ATúN-MARISCOS-SARDINAS PATE-PICADILLO-CONSERVA CAFE CAFE SOLUBLE CAFE EN CAPSULA CAFE DE SOJA CAFE DESCAFEINADO CAFE TOSTADO EN GRANO CAFE TOSTADO MOLIDO CAFE TORRADO FILTRO - PORTA FILTRO PARA CAFE DELICATESSEN GOLOSINAS-GALLETITAS CHOCOLATES GALLETITAS DULCES ALFAJORES TURRONES GOLOSINAS PAN DULCE - TURRON - BUDIN GALLETITAS SALADAS POSTRES EN CAJA MERMELADAS-DULCES-MIEL MIEL MERMELADAS-DULCES MANí- MANTECA MANí DULCES DE LECHE PRODUCTOS BASICOS TOMATES EN CONSERVA FIDEOS REMEDIO PARA MATE CEREALES- AVENA LEGUMBRES EN PAQUETES MAIZ EN PAQUETE AZúCAR TE CHOCOLATE EN POLVO SAL HARINAS ARROZ YERBA FRUTOS SECOS PURE DE PAPAS COCIDO REPOSTERíA COLORANTES-CONFITES CREMA DE LECHE-LECHE CONDENSADA CREMAS-POLVO HORNEAR LEVADURA-AZúCAR IMPALPABLE FRUTAS SECAS PARA REPOSTERíA DERIVADOS DEL COCO AROMATIZANTES-SABORIZANTES ALTEZA PERFUMERIA PERFUMERIA Y COSMETICOS BEBE ACC. INFANTILES ANDADORES SILLAS P- COMER CARRITOS SILLAS P-AUTO ALIMENTOS PARA BEBE CAMA BEBE CHUPETES Y MAMADERAS MORDEDORES CHUPETES NORMALES MAMADERAS DIVERSAS TETINAS CUIDADO DEL BEBE CEPILLO LIMPIADOR DE MAMADERA PEINES Y CEPILLOS ESTERILIZADOR DE MAMADERAS ASPIRADORES NASALES HIGIENE BEBé SHAMPOO INFANTIL JABON INFANTIL HIGIENE ORAL BEBé ACONDICIONADOR INFANTIL PAñALES DESECHABLES TOALLITAS HúMEDAS,,,,,,unknown,
Horarios de entrega,Horarios de entrega Podes recibir tus compras el: Hoy 7: 19:00 a 20:00 hs. 19:00 a 20:00 hs. 19:00 a 20:00 hs. 19:00 a 20:00 hs. 18:00 a 19:00 hs. 19:00 a 20:00 hs. LISTA DE COMPRAS Aún no has agregado nada a la lista. BORRAR LISTA Categorias Almacén Aderezos/Condimentos Aceites Aderezos/Salsas Especias Ketchup Mayonesa Mostaza Sal Salsa de Soja/Picantes Tempero Tomatados Vinagres/Otros Alimentos Secos Arroz Snacks Azúcar/Endulzantes Chocolatadas/Batidos Caldos/Sopas/Pure Cereales/ Semillas Delicatessen Dulces Sólidos Dulces/Mermeladas/Miel Fideo/Lasaña/Pasta Galletitas Dulces/Saladas Harinas/Almidón Legumbres secas Leche en Polvo/varios Postres en Polvo Repostería/ Pasteleria Nutriseis Cereales/Semillas Dulces/Mermeladas Azúcar/Endulzantes Galletitas Dulces/Saladas Harina/Soja/Sopas Leche/Café/Chocolate Postres/Dulces Frutos Secos Snacks Bebidas Dieteticas Yogurt/Quesos Golosinas Aderezos/Condimentos/Salsas Panificado Integral Fideo/Arroz Enlatados Yerba/Té Enlatados Aceitunas/Champignon Frutas Enlatadas Verduras enlatadas Paté/Picadillo/Conservas Atún/Mariscos/Sardinas Golosinas Alfajores Caramelos/Chicles Chocolates Turrones Café/Té/Yerba Café Té Yerba Bazar Aire Libre Camping Conservadora/Champañera Terere/Mate Cocina Acces. Madera Acces. Acero Inox. Acces. Aluminio Acces. Plásticos Acces. Teflón Acces. Vidrios Ceramica/Porcelana/Loza Cubiertos Utensilios Cotillón Decoración Servicio de Mesa Vajillas Descartables Varios Decoración/Regalos Decoración Hogar Otros Decoración Organizadores del Hogar Accesorios de Limpieza Lavado/Planchado Organizadores Vajillas Madera Vidrio Metal/Aluminio Plástico/Melamina Bebes Accesorios Alimentación Aseo Muebles y Seguridad Plásticos Alimentos Cereales Leche Preparados Perfumería Cremas y Aceites Capilares Colonias y Fragancias Jabones Pañales desechables Talco Toallitas Humedas Bebidas con Alcohol Aperitivos Con Alcohol Bebidas Blancas Aguardientes Cognac/ Brandie Ron/Cachasa/Caña Tequila Vodka Cervezas Rubias Negras Espumantes,,,,,,unknown,
Horarios de entrega,Horarios de entrega Podes recibir tus compras el: Hoy 7: 19:00 a 20:00 hs. 19:00 a 20:00 hs. 19:00 a 20:00 hs. 19:00 a 20:00 hs. 18:00 a 19:00 hs. 19:00 a 20:00 hs. LISTA DE COMPRAS Aún no has agregado nada a la lista. BORRAR LISTA Categorias Almacén Aderezos/Condimentos Aceites Aderezos/Salsas Especias Ketchup Mayonesa Mostaza Sal Salsa de Soja/Picantes Tempero Tomatados Vinagres/Otros Alimentos Secos Arroz Snacks Azúcar/Endulzantes Chocolatadas/Batidos Caldos/Sopas/Pure Cereales/ Semillas Delicatessen Dulces Sólidos Dulces/Mermeladas/Miel Fideo/Lasaña/Pasta Galletitas Dulces/Saladas Harinas/Almidón Legumbres secas Leche en Polvo/varios Postres en Polvo Repostería/ Pasteleria Nutriseis Cereales/Semillas Dulces/Mermeladas Azúcar/Endulzantes Galletitas Dulces/Saladas Harina/Soja/Sopas Leche/Café/Chocolate Postres/Dulces Frutos Secos Snacks Bebidas Dieteticas Yogurt/Quesos Golosinas Aderezos/Condimentos/Salsas Panificado Integral Fideo/Arroz Enlatados Yerba/Té Enlatados Aceitunas/Champignon Frutas Enlatadas Verduras enlatadas Paté/Picadillo/Conservas Atún/Mariscos/Sardinas Golosinas Alfajores Caramelos/Chicles Chocolates Turrones Café/Té/Yerba Café Té Yerba Bazar Aire Libre Camping Conservadora/Champañera Terere/Mate Cocina Acces. Madera Acces. Acero Inox. Acces. Aluminio Acces. Plásticos Acces. Teflón Acces. Vidrios Ceramica/Porcelana/Loza Cubiertos Utensilios Cotillón Decoración Servicio de Mesa Vajillas Descartables Varios Decoración/Regalos Decoración Hogar Otros Decoración Organizadores del Hogar Accesorios de Limpieza Lavado/Planchado Organizadores Vajillas Madera Vidrio Metal/Aluminio Plástico/Melamina Bebes Accesorios Alimentación Aseo Muebles y Seguridad Plásticos Alimentos Cereales Leche Preparados Perfumería Cremas y Aceites Capilares Colonias y Fragancias Jabones Pañales desechables Talco Toallitas Humedas Bebidas con Alcohol Aperitivos Con Alcohol Bebidas Blancas Aguardientes Cognac/ Brandie Ron/Cachasa/Caña Tequila Vodka Cervezas Rubias Negras Espumantes,,0.00,,,,unknown,
Horarios de entrega,Horarios de entrega Podes recibir tus compras el: Hoy 7: 19:00 a 20:00 hs. 19:00 a 20:00 hs. 19:00 a 20:00 hs. 19:00 a 20:00 hs. 18:00 a 19:00 hs. 19:00 a 20:00 hs. LISTA DE COMPRAS Aún no has agregado nada a la lista. BORRAR LISTA Categorias Almacén Aderezos/Condimentos Aceites Aderezos/Salsas Especias Ketchup Mayonesa Mostaza Sal Salsa de Soja/Picantes Tempero Tomatados Vinagres/Otros Alimentos Secos Arroz Snacks Azúcar/Endulzantes Chocolatadas/Batidos Caldos/Sopas/Pure Cereales/ Semillas Delicatessen Dulces Sólidos Dulces/Mermeladas/Miel Fideo/Lasaña/Pasta Galletitas Dulces/Saladas Harinas/Almidón Legumbres secas Leche en Polvo/varios Postres en Polvo Repostería/ Pasteleria Nutriseis Cereales/Semillas Dulces/Mermeladas Azúcar/Endulzantes Galletitas Dulces/Saladas Harina/Soja/Sopas Leche/Café/Chocolate Postres/Dulces Frutos Secos Snacks Bebidas Dieteticas Yogurt/Quesos Golosinas Aderezos/Condimentos/Salsas Panificado Integral Fideo/Arroz Enlatados Yerba/Té Enlatados Aceitunas/Champignon Frutas Enlatadas Verduras enlatadas Paté/Picadillo/Conservas Atún/Mariscos/Sardinas Golosinas Alfajores Caramelos/Chicles Chocolates Turrones Café/Té/Yerba Café Té Yerba Bazar Aire Libre Camping Conservadora/Champañera Terere/Mate Cocina Acces. Madera Acces. Acero Inox. Acces. Aluminio Acces. Plásticos Acces. Teflón Acces. Vidrios Ceramica/Porcelana/Loza Cubiertos Utensilios Cotillón Decoración Servicio de Mesa Vajillas Descartables Varios Decoración/Regalos Decoración Hogar Otros Decoración Organizadores del Hogar Accesorios de Limpieza Lavado/Planchado Organizadores Vajillas Madera Vidrio Metal/Aluminio Plástico/Melamina Bebes Accesorios Alimentación Aseo Muebles y Seguridad Plásticos Alimentos Cereales Leche Preparados Perfumería Cremas y Aceites Capilares Colonias y Fragancias Jabones Pañales desechables Talco Toallitas Humedas Bebidas con Alcohol Aperitivos Con Alcohol Bebidas Blancas Aguardientes Cognac/ Brandie Ron/Cachasa/Caña Tequila Vodka Cervezas Rubias Negras Espumantes,,,,,,unknown,
Horarios de entrega,Horarios de entrega Podes recibir tus compras el: Hoy 7: 19:00 a 20:00 hs. 19:00 a 20:00 hs. 19:00 a 20:00 hs. 19:00 a 20:00 hs. 18:00 a 19:00 hs. 19:00 a 20:00 hs. LISTA DE COMPRAS Aún no has agregado nada a la lista. BORRAR LISTA Categorias Almacén Aderezos/Condimentos Aceites Aderezos/Salsas Especias Ketchup Mayonesa Mostaza Sal Salsa de Soja/Picantes Tempero Tomatados Vinagres/Otros Alimentos Secos Arroz Snacks Azúcar/Endulzantes Chocolatadas/Batidos Caldos/Sopas/Pure Cereales/ Semillas Delicatessen Dulces Sólidos Dulces/Mermeladas/Miel Fideo/Lasaña/Pasta Galletitas Dulces/Saladas Harinas/Almidón Legumbres secas Leche en Polvo/varios Postres en Polvo Repostería/ Pasteleria Nutriseis Cereales/Semillas Dulces/Mermeladas Azúcar/Endulzantes Galletitas Dulces/Saladas Harina/Soja/Sopas Leche/Café/Chocolate Postres/Dulces Frutos Secos Snacks Bebidas Dieteticas Yogurt/Quesos Golosinas Aderezos/Condimentos/Salsas Panificado Integral Fideo/Arroz Enlatados Yerba/Té Enlatados Aceitunas/Champignon Frutas Enlatadas Verduras enlatadas Paté/Picadillo/Conservas Atún/Mariscos/Sardinas Golosinas Alfajores Caramelos/Chicles Chocolates Turrones Café/Té/Yerba Café Té Yerba Bazar Aire Libre Camping Conservadora/Champañera Terere/Mate Cocina Acces. Madera Acces. Acero Inox. Acces. Aluminio Acces. Plásticos Acces. Teflón Acces. Vidrios Ceramica/Porcelana/Loza Cubiertos Utensilios Cotillón Decoración Servicio de Mesa Vajillas Descartables Varios Decoración/Regalos Decoración Hogar Otros Decoración Organizadores del Hogar Accesorios de Limpieza Lavado/Planchado Organizadores Vajillas Madera Vidrio Metal/Aluminio Plástico/Melamina Bebes Accesorios Alimentación Aseo Muebles y Seguridad Plásticos Alimentos Cereales Leche Preparados Perfumería Cremas y Aceites Capilares Colonias y Fragancias Jabones Pañales desechables Talco Toallitas Humedas Bebidas con Alcohol Aperitivos Con Alcohol Bebidas Blancas Aguardientes Cognac/ Brandie Ron/Cachasa/Caña Tequila Vodka Cervezas Rubias Negras Espumantes,,,,,,unknown,
Horarios de entrega,Horarios de entrega Podes recibir tus compras el: Hoy 7: 19:00 a 20:00 hs. 19:00 a 20:00 hs. 19:00 a 20:00 hs. 19:00 a 20:00 hs. 18:00 a 19:00 hs. 19:00 a 20:00 hs. LISTA DE COMPRAS Aún no has agregado nada a la lista. BORRAR LISTA Categorias Almacén Aderezos/Condimentos Aceites Aderezos/Salsas Especias Ketchup Mayonesa Mostaza Sal Salsa de Soja/Picantes Tempero Tomatados Vinagres/Otros Alimentos Secos Arroz Snacks Azúcar/Endulzantes Chocolatadas/Batidos Caldos/Sopas/Pure Cereales/ Semillas Delicatessen Dulces Sólidos Dulces/Mermeladas/Miel Fideo/Lasaña/Pasta Galletitas Dulces/Saladas Harinas/Almidón Legumbres secas Leche en Polvo/varios Postres en Polvo Repostería/ Pasteleria Nutriseis Cereales/Semillas Dulces/Mermeladas Azúcar/Endulzantes Galletitas Dulces/Saladas Harina/Soja/Sopas Leche/Café/Chocolate Postres/Dulces Frutos Secos Snacks Bebidas Dieteticas Yogurt/Quesos Golosinas Aderezos/Condimentos/Salsas Panificado Integral Fideo/Arroz Enlatados Yerba/Té Enlatados Aceitunas/Champignon Frutas Enlatadas Verduras enlatadas Paté/Picadillo/Conservas Atún/Mariscos/Sardinas Golosinas Alfajores Caramelos/Chicles Chocolates Turrones Café/Té/Yerba Café Té Yerba Bazar Aire Libre Camping Conservadora/Champañera Terere/Mate Cocina Acces. Madera Acces. Acero Inox. Acces. Aluminio Acces. Plásticos Acces. Teflón Acces. Vidrios Ceramica/Porcelana/Loza Cubiertos Utensilios Cotillón Decoración Servicio de Mesa Vajillas Descartables Varios Decoración/Regalos Decoración Hogar Otros Decoración Organizadores del Hogar Accesorios de Limpieza Lavado/Planchado Organizadores Vajillas Madera Vidrio Metal/Aluminio Plástico/Melamina Bebes Accesorios Alimentación Aseo Muebles y Seguridad Plásticos Alimentos Cereales Leche Preparados Perfumería Cremas y Aceites Capilares Colonias y Fragancias Jabones Pañales desechables Talco Toallitas Humedas Bebidas con Alcohol Aperitivos Con Alcohol Bebidas Blancas Aguardientes Cognac/ Brandie Ron/Cachasa/Caña Tequila Vodka Cervezas Rubias Negras Espumantes,,,,,,unknown,
Horarios de entrega,Horarios de entrega Podes recibir tus compras el: Hoy 7: 19:00 a 20:00 hs. 19:00 a 20:00 hs. 19:00 a 20:00 hs. 19:00 a 20:00 hs. 18:00 a 19:00 hs. 19:00 a 20:00 hs. LISTA DE COMPRAS Aún no has agregado nada a la lista. BORRAR LISTA Categorias Almacén Aderezos/Condimentos Aceites Aderezos/Salsas Especias Ketchup Mayonesa Mostaza Sal Salsa de Soja/Picantes Tempero Tomatados Vinagres/Otros Alimentos Secos Arroz Snacks Azúcar/Endulzantes Chocolatadas/Batidos Caldos/Sopas/Pure Cereales/ Semillas Delicatessen Dulces Sólidos Dulces/Mermeladas/Miel Fideo/Lasaña/Pasta Galletitas Dulces/Saladas Harinas/Almidón Legumbres secas Leche en Polvo/varios Postres en Polvo Repostería/ Pasteleria Nutriseis Cereales/Semillas Dulces/Mermeladas Azúcar/Endulzantes Galletitas Dulces/Saladas Harina/Soja/Sopas Leche/Café/Chocolate Postres/Dulces Frutos Secos Snacks Bebidas Dieteticas Yogurt/Quesos Golosinas Aderezos/Condimentos/Salsas Panificado Integral Fideo/Arroz Enlatados Yerba/Té Enlatados Aceitunas/Champignon Frutas Enlatadas Verduras enlatadas Paté/Picadillo/Conservas Atún/Mariscos/Sardinas Golosinas Alfajores Caramelos/Chicles Chocolates Turrones Café/Té/Yerba Café Té Yerba Bazar Aire Libre Camping Conservadora/Champañera Terere/Mate Cocina Acces. Madera Acces. Acero Inox. Acces. Aluminio Acces. Plásticos Acces. Teflón Acces. Vidrios Ceramica/Porcelana/Loza Cubiertos Utensilios Cotillón Decoración Servicio de Mesa Vajillas Descartables Varios Decoración/Regalos Decoración Hogar Otros Decoración Organizadores del Hogar Accesorios de Limpieza Lavado/Planchado Organizadores Vajillas Madera Vidrio Metal/Aluminio Plástico/Melamina Bebes Accesorios Alimentación Aseo Muebles y Seguridad Plásticos Alimentos Cereales Leche Preparados Perfumería Cremas y Aceites Capilares Colonias y Fragancias Jabones Pañales desechables Talco Toallitas Humedas Bebidas con Alcohol Aperitivos Con Alcohol Bebidas Blancas Aguardientes Cognac/ Brandie Ron/Cachasa/Caña Tequila Vodka Cervezas Rubias Negras Espumantes,,,,,,unknown,
Horarios de entrega,Horarios de entrega Podes recibir tus compras el: Hoy 7: 19:00 a 20:00 hs. 19:00 a 20:00 hs. 19:00 a 20:00 hs. 19:00 a 20:00 hs. 18:00 a 19:00 hs. 19:00 a 20:00 hs. LISTA DE COMPRAS Aún no has agregado nada a la lista. BORRAR LISTA Categorias Almacén Aderezos/Condimentos Aceites Aderezos/Salsas Especias Ketchup Mayonesa Mostaza Sal Salsa de Soja/Picantes Tempero Tomatados Vinagres/Otros Alimentos Secos Arroz Snacks Azúcar/Endulzantes Chocolatadas/Batidos Caldos/Sopas/Pure Cereales/ Semillas Delicatessen Dulces Sólidos Dulces/Mermeladas/Miel Fideo/Lasaña/Pasta Galletitas Dulces/Saladas Harinas/Almidón Legumbres secas Leche en Polvo/varios Postres en Polvo Repostería/ Pasteleria Nutriseis Cereales/Semillas Dulces/Mermeladas Azúcar/Endulzantes Galletitas Dulces/Saladas Harina/Soja/Sopas Leche/Café/Chocolate Postres/Dulces Frutos Secos Snacks Bebidas Dieteticas Yogurt/Quesos Golosinas Aderezos/Condimentos/Salsas Panificado Integral Fideo/Arroz Enlatados Yerba/Té Enlatados Aceitunas/Champignon Frutas Enlatadas Verduras enlatadas Paté/Picadillo/Conservas Atún/Mariscos/Sardinas Golosinas Alfajores Caramelos/Chicles Chocolates Turrones Café/Té/Yerba Café Té Yerba Bazar Aire Libre Camping Conservadora/Champañera Terere/Mate Cocina Acces. Madera Acces. Acero Inox. Acces. Aluminio Acces. Plásticos Acces. Teflón Acces. Vidrios Ceramica/Porcelana/Loza Cubiertos Utensilios Cotillón Decoración Servicio de Mesa Vajillas Descartables Varios Decoración/Regalos Decoración Hogar Otros Decoración Organizadores del Hogar Accesorios de Limpieza Lavado/Planchado Organizadores Vajillas Madera Vidrio Metal/Aluminio Plástico/Melamina Bebes Accesorios Alimentación Aseo Muebles y Seguridad Plásticos Alimentos Cereales Leche Preparados Perfumería Cremas y Aceites Capilares Colonias y Fragancias Jabones Pañales desechables Talco Toallitas Humedas Bebidas con Alcohol Aperitivos Con Alcohol Bebidas Blancas Aguardientes Cognac/ Brandie Ron/Cachasa/Caña Tequila Vodka Cervezas Rubias Negras Espumantes,,,,,,unknown,
Horarios de entrega,Horarios de entrega Podes recibir tus compras el: Hoy 7: 19:00 a 20:00 hs. 19:00 a 20:00 hs. 19:00 a 20:00 hs. 19:00 a 20:00 hs. 18:00 a 19:00 hs. 19:00 a 20:00 hs. LISTA DE COMPRAS Aún no has agregado nada a la lista. BORRAR LISTA Categorias Almacén Aderezos/Condimentos Aceites Aderezos/Salsas Especias Ketchup Mayonesa Mostaza Sal Salsa de Soja/Picantes Tempero Tomatados Vinagres/Otros Alimentos Secos Arroz Snacks Azúcar/Endulzantes Chocolatadas/Batidos Caldos/Sopas/Pure Cereales/ Semillas Delicatessen Dulces Sólidos Dulces/Mermeladas/Miel Fideo/Lasaña/Pasta Galletitas Dulces/Saladas Harinas/Almidón Legumbres secas Leche en Polvo/varios Postres en Polvo Repostería/ Pasteleria Nutriseis Cereales/Semillas Dulces/Mermeladas Azúcar/Endulzantes Galletitas Dulces/Saladas Harina/Soja/Sopas Leche/Café/Chocolate Postres/Dulces Frutos Secos Snacks Bebidas Dieteticas Yogurt/Quesos Golosinas Aderezos/Condimentos/Salsas Panificado Integral Fideo/Arroz Enlatados Yerba/Té Enlatados Aceitunas/Champignon Frutas Enlatadas Verduras enlatadas Paté/Picadillo/Conservas Atún/Mariscos/Sardinas Golosinas Alfajores Caramelos/Chicles Chocolates Turrones Café/Té/Yerba Café Té Yerba Bazar Aire Libre Camping Conservadora/Champañera Terere/Mate Cocina Acces. Madera Acces. Acero Inox. Acces. Aluminio Acces. Plásticos Acces. Teflón Acces. Vidrios Ceramica/Porcelana/Loza Cubiertos Utensilios Cotillón Decoración Servicio de Mesa Vajillas Descartables Varios Decoración/Regalos Decoración Hogar Otros Decoración Organizadores del Hogar Accesorios de Limpieza Lavado/Planchado Organizadores Vajillas Madera Vidrio Metal/Aluminio Plástico/Melamina Bebes Accesorios Alimentación Aseo Muebles y Seguridad Plásticos Alimentos Cereales Leche Preparados Perfumería Cremas y Aceites Capilares Colonias y Fragancias Jabones Pañales desechables Talco Toallitas Humedas Bebidas con Alcohol Aperitivos Con Alcohol Bebidas Blancas Aguardientes Cognac/ Brandie Ron/Cachasa/Caña Tequila Vodka Cervezas Rubias Negras Espumantes,,,,,,unknown,
Verifica tu identidad,Verifica tu identidad Mantén presionado el botón para confirmar que no eres un robot.,,,,,,unknown,
Horarios de entrega,Horarios de entrega Podes recibir tus compras el: Hoy 7: 19:00 a 20:00 hs. 19:00 a 20:00 hs. 19:00 a 20:00 hs. 19:00 a 20:00 hs. 18:00 a 19:00 hs. 19:00 a 20:00 hs. LISTA DE COMPRAS Aún no has agregado nada a la lista. BORRAR LISTA Categorias Almacén Aderezos/Condimentos Aceites Aderezos/Salsas Especias Ketchup Mayonesa Mostaza Sal Salsa de Soja/Picantes Tempero Tomatados Vinagres/Otros Alimentos Secos Arroz Snacks Azúcar/Endulzantes Chocolatadas/Batidos Caldos/Sopas/Pure Cereales/ Semillas Delicatessen Dulces Sólidos Dulces/Mermeladas/Miel Fideo/Lasaña/Pasta Galletitas Dulces/Saladas Harinas/Almidón Legumbres secas Leche en Polvo/varios Postres en Polvo Repostería/ Pasteleria Nutriseis Cereales/Semillas Dulces/Mermeladas Azúcar/Endulzantes Galletitas Dulces/Saladas Harina/Soja/Sopas Leche/Café/Chocolate Postres/Dulces Frutos Secos Snacks Bebidas Dieteticas Yogurt/Quesos Golosinas Aderezos/Condimentos/Salsas Panificado Integral Fideo/Arroz Enlatados Yerba/Té Enlatados Aceitunas/Champignon Frutas Enlatadas Verduras enlatadas Paté/Picadillo/Conservas Atún/Mariscos/Sardinas Golosinas Alfajores Caramelos/Chicles Chocolates Turrones Café/Té/Yerba Café Té Yerba Bazar Aire Libre Camping Conservadora/Champañera Terere/Mate Cocina Acces. Madera Acces. Acero Inox. Acces. Aluminio Acces. Plásticos Acces. Teflón Acces. Vidrios Ceramica/Porcelana/Loza Cubiertos Utensilios Cotillón Decoración Servicio de Mesa Vajillas Descartables Varios Decoración/Regalos Decoración Hogar Otros Decoración Organizadores del Hogar Accesorios de Limpieza Lavado/Planchado Organizadores Vajillas Madera Vidrio Metal/Aluminio Plástico/Melamina Bebes Accesorios Alimentación Aseo Muebles y Seguridad Plásticos Alimentos Cereales Leche Preparados Perfumería Cremas y Aceites Capilares Colonias y Fragancias Jabones Pañales desechables Talco Toallitas Humedas Bebidas con Alcohol Aperitivos Con Alcohol Bebidas Blancas Aguardientes Cognac/ Brandie Ron/Cachasa/Caña Tequila Vodka Cervezas Rubias Negras Espumantes,,0.00,,,,unknown,
Horarios de entrega,Horarios de entrega Podes recibir tus compras el: Hoy 7: 19:00 a 20:00 hs. 19:00 a 20:00 hs. 19:00 a 20:00 hs. 19:00 a 20:00 hs. 18:00 a 19:00 hs. 19:00 a 20:00 hs. LISTA DE COMPRAS Aún no has agregado nada a la lista. BORRAR LISTA Categorias Almacén Aderezos/Condimentos Aceites Aderezos/Salsas Especias Ketchup Mayonesa Mostaza Sal Salsa de Soja/Picantes Tempero Tomatados Vinagres/Otros Alimentos Secos Arroz Snacks Azúcar/Endulzantes Chocolatadas/Batidos Caldos/Sopas/Pure Cereales/ Semillas Delicatessen Dulces Sólidos Dulces/Mermeladas/Miel Fideo/Lasaña/Pasta Galletitas Dulces/Saladas Harinas/Almidón Legumbres secas Leche en Polvo/varios Postres en Polvo Repostería/ Pasteleria Nutriseis Cereales/Semillas Dulces/Mermeladas Azúcar/Endulzantes Galletitas Dulces/Saladas Harina/Soja/Sopas Leche/Café/Chocolate Postres/Dulces Frutos Secos Snacks Bebidas Dieteticas Yogurt/Quesos Golosinas Aderezos/Condimentos/Salsas Panificado Integral Fideo/Arroz Enlatados Yerba/Té Enlatados Aceitunas/Champignon Frutas Enlatadas Verduras enlatadas Paté/Picadillo/Conservas Atún/Mariscos/Sardinas Golosinas Alfajores Caramelos/Chicles Chocolates Turrones Café/Té/Yerba Café Té Yerba Bazar Aire Libre Camping Conservadora/Champañera Terere/Mate Cocina Acces. Madera Acces. Acero Inox. Acces. Aluminio Acces. Plásticos Acces. Teflón Acces. Vidrios Ceramica/Porcelana/Loza Cubiertos Utensilios Cotillón Decoración Servicio de Mesa Vajillas Descartables Varios Decoración/Regalos Decoración Hogar Otros Decoración Organizadores del Hogar Accesorios de Limpieza Lavado/Planchado Organizadores Vajillas Madera Vidrio Metal/Aluminio Plástico/Melamina Bebes Accesorios Alimentación Aseo Muebles y Seguridad Plásticos Alimentos Cereales Leche Preparados Perfumería Cremas y Aceites Capilares Colonias y Fragancias Jabones Pañales desechables Talco Toallitas Humedas Bebidas con Alcohol Aperitivos Con Alcohol Bebidas Blancas Aguardientes Cognac/ Brandie Ron/Cachasa/Caña Tequila Vodka Cervezas Rubias Negras Espumantes,,0.00,,,,unknown,
Horarios de entrega,Horarios de entrega Podes recibir tus compras el: Hoy 7: 19:00 a 20:00 hs. 19:00 a 20:00 hs. 19:00 a 20:00 hs. 19:00 a 20:00 hs. 18:00 a 19:00 hs. 19:00 a 20:00 hs. LISTA DE COMPRAS Aún no has agregado nada a la lista. BORRAR LISTA Categorias Almacén Aderezos/Condimentos Aceites Aderezos/Salsas Especias Ketchup Mayonesa Mostaza Sal Salsa de Soja/Picantes Tempero Tomatados Vinagres/Otros Alimentos Secos Arroz Snacks Azúcar/Endulzantes Chocolatadas/Batidos Caldos/Sopas/Pure Cereales/ Semillas Delicatessen Dulces Sólidos Dulces/Mermeladas/Miel Fideo/Lasaña/Pasta Galletitas Dulces/Saladas Harinas/Almidón Legumbres secas Leche en Polvo/varios Postres en Polvo Repostería/ Pasteleria Nutriseis Cereales/Semillas Dulces/Mermeladas Azúcar/Endulzantes Galletitas Dulces/Saladas Harina/Soja/Sopas Leche/Café/Chocolate Postres/Dulces Frutos Secos Snacks Bebidas Dieteticas Yogurt/Quesos Golosinas Aderezos/Condimentos/Salsas Panificado Integral Fideo/Arroz Enlatados Yerba/Té Enlatados Aceitunas/Champignon Frutas Enlatadas Verduras enlatadas Paté/Picadillo/Conservas Atún/Mariscos/Sardinas Golosinas Alfajores Caramelos/Chicles Chocolates Turrones Café/Té/Yerba Café Té Yerba Bazar Aire Libre Camping Conservadora/Champañera Terere/Mate Cocina Acces. Madera Acces. Acero Inox. Acces. Aluminio Acces. Plásticos Acces. Teflón Acces. Vidrios Ceramica/Porcelana/Loza Cubiertos Utensilios Cotillón Decoración Servicio de Mesa Vajillas Descartables Varios Decoración/Regalos Decoración Hogar Otros Decoración Organizadores del Hogar Accesorios de Limpieza Lavado/Planchado Organizadores Vajillas Madera Vidrio Metal/Aluminio Plástico/Melamina Bebes Accesorios Alimentación Aseo Muebles y Seguridad Plásticos Alimentos Cereales Leche Preparados Perfumería Cremas y Aceites Capilares Colonias y Fragancias Jabones Pañales desechables Talco Toallitas Humedas Bebidas con Alcohol Aperitivos Con Alcohol Bebidas Blancas Aguardientes Cognac/ Brandie Ron/Cachasa/Caña Tequila Vodka Cervezas Rubias Negras Espumantes,,,,,,unknown,
Horarios de entrega,Horarios de entrega Podes recibir tus compras el: Hoy 7: 19:00 a 20:00 hs. 19:00 a 20:00 hs. 19:00 a 20:00 hs. 19:00 a 20:00 hs. 18:00 a 19:00 hs. 19:00 a 20:00 hs. LISTA DE COMPRAS Aún no has agregado nada a la lista. BORRAR LISTA Categorias Almacén Aderezos/Condimentos Aceites Aderezos/Salsas Especias Ketchup Mayonesa Mostaza Sal Salsa de Soja/Picantes Tempero Tomatados Vinagres/Otros Alimentos Secos Arroz Snacks Azúcar/Endulzantes Chocolatadas/Batidos Caldos/Sopas/Pure Cereales/ Semillas Delicatessen Dulces Sólidos Dulces/Mermeladas/Miel Fideo/Lasaña/Pasta Galletitas Dulces/Saladas Harinas/Almidón Legumbres secas Leche en Polvo/varios Postres en Polvo Repostería/ Pasteleria Nutriseis Cereales/Semillas Dulces/Mermeladas Azúcar/Endulzantes Galletitas Dulces/Saladas Harina/Soja/Sopas Leche/Café/Chocolate Postres/Dulces Frutos Secos Snacks Bebidas Dieteticas Yogurt/Quesos Golosinas Aderezos/Condimentos/Salsas Panificado Integral Fideo/Arroz Enlatados Yerba/Té Enlatados Aceitunas/Champignon Frutas Enlatadas Verduras enlatadas Paté/Picadillo/Conservas Atún/Mariscos/Sardinas Golosinas Alfajores Caramelos/Chicles Chocolates Turrones Café/Té/Yerba Café Té Yerba Bazar Aire Libre Camping Conservadora/Champañera Terere/Mate Cocina Acces. Madera Acces. Acero Inox. Acces. Aluminio Acces. Plásticos Acces. Teflón Acces. Vidrios Ceramica/Porcelana/Loza Cubiertos Utensilios Cotillón Decoración Servicio de Mesa Vajillas Descartables Varios Decoración/Regalos Decoración Hogar Otros Decoración Organizadores del Hogar Accesorios de Limpieza Lavado/Planchado Organizadores Vajillas Madera Vidrio Metal/Aluminio Plástico/Melamina Bebes Accesorios Alimentación Aseo Muebles y Seguridad Plásticos Alimentos Cereales Leche Preparados Perfumería Cremas y Aceites Capilares Colonias y Fragancias Jabones Pañales desechables Talco Toallitas Humedas Bebidas con Alcohol Aperitivos Con Alcohol Bebidas Blancas Aguardientes Cognac/ Brandie Ron/Cachasa/Caña Tequila Vodka Cervezas Rubias Negras Espumantes,,,,,,unknown,
Horarios de entrega,Horarios de entrega Podes recibir tus compras el: Hoy 7: 19:00 a 20:00 hs. 19:00 a 20:00 hs. 19:00 a 20:00 hs. 19:00 a 20:00 hs. 18:00 a 19:00 hs. 19:00 a 20:00 hs. LISTA DE COMPRAS Aún no has agregado nada a la lista. BORRAR LISTA Categorias Almacén Aderezos/Condimentos Aceites Aderezos/Salsas Especias Ketchup Mayonesa Mostaza Sal Salsa de Soja/Picantes Tempero Tomatados Vinagres/Otros Alimentos Secos Arroz Snacks Azúcar/Endulzantes Chocolatadas/Batidos Caldos/Sopas/Pure Cereales/ Semillas Delicatessen Dulces Sólidos Dulces/Mermeladas/Miel Fideo/Lasaña/Pasta Galletitas Dulces/Saladas Harinas/Almidón Legumbres secas Leche en Polvo/varios Postres en Polvo Repostería/ Pasteleria Nutriseis Cereales/Semillas Dulces/Mermeladas Azúcar/Endulzantes Galletitas Dulces/Saladas Harina/Soja/Sopas Leche/Café/Chocolate Postres/Dulces Frutos Secos Snacks Bebidas Dieteticas Yogurt/Quesos Golosinas Aderezos/Condimentos/Salsas Panificado Integral Fideo/Arroz Enlatados Yerba/Té Enlatados Aceitunas/Champignon Frutas Enlatadas Verduras enlatadas Paté/Picadillo/Conservas Atún/Mariscos/Sardinas Golosinas Alfajores Caramelos/Chicles Chocolates Turrones Café/Té/Yerba Café Té Yerba Bazar Aire Libre Camping Conservadora/Champañera Terere/Mate Cocina Acces. Madera Acces. Acero Inox. Acces. Aluminio Acces. Plásticos Acces. Teflón Acces. Vidrios Ceramica/Porcelana/Loza Cubiertos Utensilios Cotillón Decoración Servicio de Mesa Vajillas Descartables Varios Decoración/Regalos Decoración Hogar Otros Decoración Organizadores del Hogar Accesorios de Limpieza Lavado/Planchado Organizadores Vajillas Madera Vidrio Metal/Aluminio Plástico/Melamina Bebes Accesorios Alimentación Aseo Muebles y Seguridad Plásticos Alimentos Cereales Leche Preparados Perfumería Cremas y Aceites Capilares Colonias y Fragancias Jabones Pañales desechables Talco Toallitas Humedas Bebidas con Alcohol Aperitivos Con Alcohol Bebidas Blancas Aguardientes Cognac/ Brandie Ron/Cachasa/Caña Tequila Vodka Cervezas Rubias Negras Espumantes,,,,,,unknown,
Horarios de entrega,Horarios de entrega Podes recibir tus compras el: Hoy 7: 19:00 a 20:00 hs. 19:00 a 20:00 hs. 19:00 a 20:00 hs. 19:00 a 20:00 hs. 18:00 a 19:00 hs. 19:00 a 20:00 hs. LISTA DE COMPRAS Aún no has agregado nada a la lista. BORRAR LISTA Categorias Almacén Aderezos/Condimentos Aceites Aderezos/Salsas Especias Ketchup Mayonesa Mostaza Sal Salsa de Soja/Picantes Tempero Tomatados Vinagres/Otros Alimentos Secos Arroz Snacks Azúcar/Endulzantes Chocolatadas/Batidos Caldos/Sopas/Pure Cereales/ Semillas Delicatessen Dulces Sólidos Dulces/Mermeladas/Miel Fideo/Lasaña/Pasta Galletitas Dulces/Saladas Harinas/Almidón Legumbres secas Leche en Polvo/varios Postres en Polvo Repostería/ Pasteleria Nutriseis Cereales/Semillas Dulces/Mermeladas Azúcar/Endulzantes Galletitas Dulces/Saladas Harina/Soja/Sopas Leche/Café/Chocolate Postres/Dulces Frutos Secos Snacks Bebidas Dieteticas Yogurt/Quesos Golosinas Aderezos/Condimentos/Salsas Panificado Integral Fideo/Arroz Enlatados Yerba/Té Enlatados Aceitunas/Champignon Frutas Enlatadas Verduras enlatadas Paté/Picadillo/Conservas Atún/Mariscos/Sardinas Golosinas Alfajores Caramelos/Chicles Chocolates Turrones Café/Té/Yerba Café Té Yerba Bazar Aire Libre Camping Conservadora/Champañera Terere/Mate Cocina Acces. Madera Acces. Acero Inox. Acces. Aluminio Acces. Plásticos Acces. Teflón Acces. Vidrios Ceramica/Porcelana/Loza Cubiertos Utensilios Cotillón Decoración Servicio de Mesa Vajillas Descartables Varios Decoración/Regalos Decoración Hogar Otros Decoración Organizadores del Hogar Accesorios de Limpieza Lavado/Planchado Organizadores Vajillas Madera Vidrio Metal/Aluminio Plástico/Melamina Bebes Accesorios Alimentación Aseo Muebles y Seguridad Plásticos Alimentos Cereales Leche Preparados Perfumería Cremas y Aceites Capilares Colonias y Fragancias Jabones Pañales desechables Talco Toallitas Humedas Bebidas con Alcohol Aperitivos Con Alcohol Bebidas Blancas Aguardientes Cognac/ Brandie Ron/Cachasa/Caña Tequila Vodka Cervezas Rubias Negras Espumantes,,0.00,,,,unknown,
Horarios de entrega,Horarios de entrega Podes recibir tus compras el: Hoy 7: 19:00 a 20:00 hs. 19:00 a 20:00 hs. 19:00 a 20:00 hs. 19:00 a 20:00 hs. 18:00 a 19:00 hs. 19:00 a 20:00 hs. LISTA DE COMPRAS Aún no has agregado nada a la lista. BORRAR LISTA Categorias Almacén Aderezos/Condimentos Aceites Aderezos/Salsas Especias Ketchup Mayonesa Mostaza Sal Salsa de Soja/Picantes Tempero Tomatados Vinagres/Otros Alimentos Secos Arroz Snacks Azúcar/Endulzantes Chocolatadas/Batidos Caldos/Sopas/Pure Cereales/ Semillas Delicatessen Dulces Sólidos Dulces/Mermeladas/Miel Fideo/Lasaña/Pasta Galletitas Dulces/Saladas Harinas/Almidón Legumbres secas Leche en Polvo/varios Postres en Polvo Repostería/ Pasteleria Nutriseis Cereales/Semillas Dulces/Mermeladas Azúcar/Endulzantes Galletitas Dulces/Saladas Harina/Soja/Sopas Leche/Café/Chocolate Postres/Dulces Frutos Secos Snacks Bebidas Dieteticas Yogurt/Quesos Golosinas Aderezos/Condimentos/Salsas Panificado Integral Fideo/Arroz Enlatados Yerba/Té Enlatados Aceitunas/Champignon Frutas Enlatadas Verduras enlatadas Paté/Picadillo/Conservas Atún/Mariscos/Sardinas Golosinas Alfajores Caramelos/Chicles Chocolates Turrones Café/Té/Yerba Café Té Yerba Bazar Aire Libre Camping Conservadora/Champañera Terere/Mate Cocina Acces. Madera Acces. Acero Inox. Acces. Aluminio Acces. Plásticos Acces. Teflón Acces. Vidrios Ceramica/Porcelana/Loza Cubiertos Utensilios Cotillón Decoración Servicio de Mesa Vajillas Descartables Varios Decoración/Regalos Decoración Hogar Otros Decoración Organizadores del Hogar Accesorios de Limpieza Lavado/Planchado Organizadores Vajillas Madera Vidrio Metal/Aluminio Plástico/Melamina Bebes Accesorios Alimentación Aseo Muebles y Seguridad Plásticos Alimentos Cereales Leche Preparados Perfumería Cremas y Aceites Capilares Colonias y Fragancias Jabones Pañales desechables Talco Toallitas Humedas Bebidas con Alcohol Aperitivos Con Alcohol Bebidas Blancas Aguardientes Cognac/ Brandie Ron/Cachasa/Caña Tequila Vodka Cervezas Rubias Negras Espumantes,,0.00,,,,unknown,
Horarios de entrega,Horarios de entrega Podes recibir tus compras el: Hoy 7: 19:00 a 20:00 hs. 19:00 a 20:00 hs. 19:00 a 20:00 hs. 19:00 a 20:00 hs. 18:00 a 19:00 hs. 19:00 a 20:00 hs. LISTA DE COMPRAS Aún no has agregado nada a la lista. BORRAR LISTA Categorias Almacén Aderezos/Condimentos Aceites Aderezos/Salsas Especias Ketchup Mayonesa Mostaza Sal Salsa de Soja/Picantes Tempero Tomatados Vinagres/Otros Alimentos Secos Arroz Snacks Azúcar/Endulzantes Chocolatadas/Batidos Caldos/Sopas/Pure Cereales/ Semillas Delicatessen Dulces Sólidos Dulces/Mermeladas/Miel Fideo/Lasaña/Pasta Galletitas Dulces/Saladas Harinas/Almidón Legumbres secas Leche en Polvo/varios Postres en Polvo Repostería/ Pasteleria Nutriseis Cereales/Semillas Dulces/Mermeladas Azúcar/Endulzantes Galletitas Dulces/Saladas Harina/Soja/Sopas Leche/Café/Chocolate Postres/Dulces Frutos Secos Snacks Bebidas Dieteticas Yogurt/Quesos Golosinas Aderezos/Condimentos/Salsas Panificado Integral Fideo/Arroz Enlatados Yerba/Té Enlatados Aceitunas/Champignon Frutas Enlatadas Verduras enlatadas Paté/Picadillo/Conservas Atún/Mariscos/Sardinas Golosinas Alfajores Caramelos/Chicles Chocolates Turrones Café/Té/Yerba Café Té Yerba Bazar Aire Libre Camping Conservadora/Champañera Terere/Mate Cocina Acces. Madera Acces. Acero Inox. Acces. Aluminio Acces. Plásticos Acces. Teflón Acces. Vidrios Ceramica/Porcelana/Loza Cubiertos Utensilios Cotillón Decoración Servicio de Mesa Vajillas Descartables Varios Decoración/Regalos Decoración Hogar Otros Decoración Organizadores del Hogar Accesorios de Limpieza Lavado/Planchado Organizadores Vajillas Madera Vidrio Metal/Aluminio Plástico/Melamina Bebes Accesorios Alimentación Aseo Muebles y Seguridad Plásticos Alimentos Cereales Leche Preparados Perfumería Cremas y Aceites Capilares Colonias y Fragancias Jabones Pañales desechables Talco Toallitas Humedas Bebidas con Alcohol Aperitivos Con Alcohol Bebidas Blancas Aguardientes Cognac/ Brandie Ron/Cachasa/Caña Tequila Vodka Cervezas Rubias Negras Espumantes,,,,,,unknown,
Horarios de entrega,Horarios de entrega Podes recibir tus compras el: Hoy 7: 19:00 a 20:00 hs. 19:00 a 20:00 hs. 19:00 a 20:00 hs. 19:00 a 20:00 hs. 18:00 a 19:00 hs. 19:00 a 20:00 hs. LISTA DE COMPRAS Aún no has agregado nada a la lista. BORRAR LISTA Categorias Almacén Aderezos/Condimentos Aceites Aderezos/Salsas Especias Ketchup Mayonesa Mostaza Sal Salsa de Soja/Picantes Tempero Tomatados Vinagres/Otros Alimentos Secos Arroz Snacks Azúcar/Endulzantes Chocolatadas/Batidos Caldos/Sopas/Pure Cereales/ Semillas Delicatessen Dulces Sólidos Dulces/Mermeladas/Miel Fideo/Lasaña/Pasta Galletitas Dulces/Saladas Harinas/Almidón Legumbres secas Leche en Polvo/varios Postres en Polvo Repostería/ Pasteleria Nutriseis Cereales/Semillas Dulces/Mermeladas Azúcar/Endulzantes Galletitas Dulces/Saladas Harina/Soja/Sopas Leche/Café/Chocolate Postres/Dulces Frutos Secos Snacks Bebidas Dieteticas Yogurt/Quesos Golosinas Aderezos/Condimentos/Salsas Panificado Integral Fideo/Arroz Enlatados Yerba/Té Enlatados Aceitunas/Champignon Frutas Enlatadas Verduras enlatadas Paté/Picadillo/Conservas Atún/Mariscos/Sardinas Golosinas Alfajores Caramelos/Chicles Chocolates Turrones Café/Té/Yerba Café Té Yerba Bazar Aire Libre Camping Conservadora/Champañera Terere/Mate Cocina Acces. Madera Acces. Acero Inox. Acces. Aluminio Acces. Plásticos Acces. Teflón Acces. Vidrios Ceramica/Porcelana/Loza Cubiertos Utensilios Cotillón Decoración Servicio de Mesa Vajillas Descartables Varios Decoración/Regalos Decoración Hogar Otros Decoración Organizadores del Hogar Accesorios de Limpieza Lavado/Planchado Organizadores Vajillas Madera Vidrio Metal/Aluminio Plástico/Melamina Bebes Accesorios Alimentación Aseo Muebles y Seguridad Plásticos Alimentos Cereales Leche Preparados Perfumería Cremas y Aceites Capilares Colonias y Fragancias Jabones Pañales desechables Talco Toallitas Humedas Bebidas con Alcohol Aperitivos Con Alcohol Bebidas Blancas Aguardientes Cognac/ Brandie Ron/Cachasa/Caña Tequila Vodka Cervezas Rubias Negras Espumantes,,100,,,,unknown,
Horarios de entrega,Horarios de entrega Podes recibir tus compras el: Hoy 7: 19:00 a 20:00 hs. 19:00 a 20:00 hs. 19:00 a 20:00 hs. 19:00 a 20:00 hs. 18:00 a 19:00 hs. 19:00 a 20:00 hs. LISTA DE COMPRAS Aún no has agregado nada a la lista. BORRAR LISTA Categorias Almacén Aderezos/Condimentos Aceites Aderezos/Salsas Especias Ketchup Mayonesa Mostaza Sal Salsa de Soja/Picantes Tempero Tomatados Vinagres/Otros Alimentos Secos Arroz Snacks Azúcar/Endulzantes Chocolatadas/Batidos Caldos/Sopas/Pure Cereales/ Semillas Delicatessen Dulces Sólidos Dulces/Mermeladas/Miel Fideo/Lasaña/Pasta Galletitas Dulces/Saladas Harinas/Almidón Legumbres secas Leche en Polvo/varios Postres en Polvo Repostería/ Pasteleria Nutriseis Cereales/Semillas Dulces/Mermeladas Azúcar/Endulzantes Galletitas Dulces/Saladas Harina/Soja/Sopas Leche/Café/Chocolate Postres/Dulces Frutos Secos Snacks Bebidas Dieteticas Yogurt/Quesos Golosinas Aderezos/Condimentos/Salsas Panificado Integral Fideo/Arroz Enlatados Yerba/Té Enlatados Aceitunas/Champignon Frutas Enlatadas Verduras enlatadas Paté/Picadillo/Conservas Atún/Mariscos/Sardinas Golosinas Alfajores Caramelos/Chicles Chocolates Turrones Café/Té/Yerba Café Té Yerba Bazar Aire Libre Camping Conservadora/Champañera Terere/Mate Cocina Acces. Madera Acces. Acero Inox. Acces. Aluminio Acces. Plásticos Acces. Teflón Acces. Vidrios Ceramica/Porcelana/Loza Cubiertos Utensilios Cotillón Decoración Servicio de Mesa Vajillas Descartables Varios Decoración/Regalos Decoración Hogar Otros Decoración Organizadores del Hogar Accesorios de Limpieza Lavado/Planchado Organizadores Vajillas Madera Vidrio Metal/Aluminio Plástico/Melamina Bebes Accesorios Alimentación Aseo Muebles y Seguridad Plásticos Alimentos Cereales Leche Preparados Perfumería Cremas y Aceites Capilares Colonias y Fragancias Jabones Pañales desechables Talco Toallitas Humedas Bebidas con Alcohol Aperitivos Con Alcohol Bebidas Blancas Aguardientes Cognac/ Brandie Ron/Cachasa/Caña Tequila Vodka Cervezas Rubias Negras Espumantes,,025,,,,unknown,
Verifica tu identidad,Verifica tu identidad Mantén presionado el botón para confirmar que no eres un robot.,,,,,,unknown,
Horarios de entrega,Horarios de entrega Podes recibir tus compras el: Hoy 7: 19:00 a 20:00 hs. 19:00 a 20:00 hs. 19:00 a 20:00 hs. 19:00 a 20:00 hs. 18:00 a 19:00 hs. 19:00 a 20:00 hs. LISTA DE COMPRAS Aún no has agregado nada a la lista. BORRAR LISTA Categorias Almacén Aderezos/Condimentos Aceites Aderezos/Salsas Especias Ketchup Mayonesa Mostaza Sal Salsa de Soja/Picantes Tempero Tomatados Vinagres/Otros Alimentos Secos Arroz Snacks Azúcar/Endulzantes Chocolatadas/Batidos Caldos/Sopas/Pure Cereales/ Semillas Delicatessen Dulces Sólidos Dulces/Mermeladas/Miel Fideo/Lasaña/Pasta Galletitas Dulces/Saladas Harinas/Almidón Legumbres secas Leche en Polvo/varios Postres en Polvo Repostería/ Pasteleria Nutriseis Cereales/Semillas Dulces/Mermeladas Azúcar/Endulzantes Galletitas Dulces/Saladas Harina/Soja/Sopas Leche/Café/Chocolate Postres/Dulces Frutos Secos Snacks Bebidas Dieteticas Yogurt/Quesos Golosinas Aderezos/Condimentos/Salsas Panificado Integral Fideo/Arroz Enlatados Yerba/Té Enlatados Aceitunas/Champignon Frutas Enlatadas Verduras enlatadas Paté/Picadillo/Conservas Atún/Mariscos/Sardinas Golosinas Alfajores Caramelos/Chicles Chocolates Turrones Café/Té/Yerba Café Té Yerba Bazar Aire Libre Camping Conservadora/Champañera Terere/Mate Cocina Acces. Madera Acces. Acero Inox. Acces. Aluminio Acces. Plásticos Acces. Teflón Acces. Vidrios Ceramica/Porcelana/Loza Cubiertos Utensilios Cotillón Decoración Servicio de Mesa Vajillas Descartables Varios Decoración/Regalos Decoración Hogar Otros Decoración Organizadores del Hogar Accesorios de Limpieza Lavado/Planchado Organizadores Vajillas Madera Vidrio Metal/Aluminio Plástico/Melamina Bebes Accesorios Alimentación Aseo Muebles y Seguridad Plásticos Alimentos Cereales Leche Preparados Perfumería Cremas y Aceites Capilares Colonias y Fragancias Jabones Pañales desechables Talco Toallitas Humedas Bebidas con Alcohol Aperitivos Con Alcohol Bebidas Blancas Aguardientes Cognac/ Brandie Ron/Cachasa/Caña Tequila Vodka Cervezas Rubias Negras Espumantes,,100,,,,unknown,
1491,,,,,,,unknown,
Horarios de entrega,Horarios de entrega Podes recibir tus compras el: Hoy 7: 19:00 a 20:00 hs. 19:00 a 20:00 hs. 19:00 a 20:00 hs. 19:00 a 20:00 hs. 18:00 a 19:00 hs. 19:00 a 20:00 hs. LISTA DE COMPRAS Aún no has agregado nada a la lista. BORRAR LISTA Categorias Almacén Aderezos/Condimentos Aceites Aderezos/Salsas Especias Ketchup Mayonesa Mostaza Sal Salsa de Soja/Picantes Tempero Tomatados Vinagres/Otros Alimentos Secos Arroz Snacks Azúcar/Endulzantes Chocolatadas/Batidos Caldos/Sopas/Pure Cereales/ Semillas Delicatessen Dulces Sólidos Dulces/Mermeladas/Miel Fideo/Lasaña/Pasta Galletitas Dulces/Saladas Harinas/Almidón Legumbres secas Leche en Polvo/varios Postres en Polvo Repostería/ Pasteleria Nutriseis Cereales/Semillas Dulces/Mermeladas Azúcar/Endulzantes Galletitas Dulces/Saladas Harina/Soja/Sopas Leche/Café/Chocolate Postres/Dulces Frutos Secos Snacks Bebidas Dieteticas Yogurt/Quesos Golosinas Aderezos/Condimentos/Salsas Panificado Integral Fideo/Arroz Enlatados Yerba/Té Enlatados Aceitunas/Champignon Frutas Enlatadas Verduras enlatadas Paté/Picadillo/Conservas Atún/Mariscos/Sardinas Golosinas Alfajores Caramelos/Chicles Chocolates Turrones Café/Té/Yerba Café Té Yerba Bazar Aire Libre Camping Conservadora/Champañera Terere/Mate Cocina Acces. Madera Acces. Acero Inox. Acces. Aluminio Acces. Plásticos Acces. Teflón Acces. Vidrios Ceramica/Porcelana/Loza Cubiertos Utensilios Cotillón Decoración Servicio de Mesa Vajillas Descartables Varios Decoración/Regalos Decoración Hogar Otros Decoración Organizadores del Hogar Accesorios de Limpieza Lavado/Planchado Organizadores Vajillas Madera Vidrio Metal/Aluminio Plástico/Melamina Bebes Accesorios Alimentación Aseo Muebles y Seguridad Plásticos Alimentos Cereales Leche Preparados Perfumería Cremas y Aceites Capilares Colonias y Fragancias Jabones Pañales desechables Talco Toallitas Humedas Bebidas con Alcohol Aperitivos Con Alcohol Bebidas Blancas Aguardientes Cognac/ Brandie Ron/Cachasa/Caña Tequila Vodka Cervezas Rubias Negras Espumantes,,,,,,unknown,
1493,,,,,,,unknown,
Horarios de entrega,Horarios de entrega Podes recibir tus compras el: Hoy 7: 19:00 a 20:00 hs. 19:00 a 20:00 hs. 19:00 a 20:00 hs. 19:00 a 20:00 hs. 18:00 a 19:00 hs. 19:00 a 20:00 hs. LISTA DE COMPRAS Aún no has agregado nada a la lista. BORRAR LISTA Categorias Almacén Aderezos/Condimentos Aceites Aderezos/Salsas Especias Ketchup Mayonesa Mostaza Sal Salsa de Soja/Picantes Tempero Tomatados Vinagres/Otros Alimentos Secos Arroz Snacks Azúcar/Endulzantes Chocolatadas/Batidos Caldos/Sopas/Pure Cereales/ Semillas Delicatessen Dulces Sólidos Dulces/Mermeladas/Miel Fideo/Lasaña/Pasta Galletitas Dulces/Saladas Harinas/Almidón Legumbres secas Leche en Polvo/varios Postres en Polvo Repostería/ Pasteleria Nutriseis Cereales/Semillas Dulces/Mermeladas Azúcar/Endulzantes Galletitas Dulces/Saladas Harina/Soja/Sopas Leche/Café/Chocolate Postres/Dulces Frutos Secos Snacks Bebidas Dieteticas Yogurt/Quesos Golosinas Aderezos/Condimentos/Salsas Panificado Integral Fideo/Arroz Enlatados Yerba/Té Enlatados Aceitunas/Champignon Frutas Enlatadas Verduras enlatadas Paté/Picadillo/Conservas Atún/Mariscos/Sardinas Golosinas Alfajores Caramelos/Chicles Chocolates Turrones Café/Té/Yerba Café Té Yerba Bazar Aire Libre Camping Conservadora/Champañera Terere/Mate Cocina Acces. Madera Acces. Acero Inox. Acces. Aluminio Acces. Plásticos Acces. Teflón Acces. Vidrios Ceramica/Porcelana/Loza Cubiertos Utensilios Cotillón Decoración Servicio de Mesa Vajillas Descartables Varios Decoración/Regalos Decoración Hogar Otros Decoración Organizadores del Hogar Accesorios de Limpieza Lavado/Planchado Organizadores Vajillas Madera Vidrio Metal/Aluminio Plástico/Melamina Bebes Accesorios Alimentación Aseo Muebles y Seguridad Plásticos Alimentos Cereales Leche Preparados Perfumería Cremas y Aceites Capilares Colonias y Fragancias Jabones Pañales desechables Talco Toallitas Humedas Bebidas con Alcohol Aperitivos Con Alcohol Bebidas Blancas Aguardientes Cognac/ Brandie Ron/Cachasa/Caña Tequila Vodka Cervezas Rubias Negras Espumantes,,0.00,,,,unknown,
1495,,,,,,,unknown,
1496,,,,,,,unknown,
Horarios de entrega,Horarios de entrega Podes recibir tus compras el: Hoy 7: 19:00 a 20:00 hs. 19:00 a 20:00 hs. 19:00 a 20:00 hs. 19:00 a 20:00 hs. 18:00 a 19:00 hs. 19:00 a 20:00 hs. LISTA DE COMPRAS Aún no has agregado nada a la lista. BORRAR LISTA Categorias Almacén Aderezos/Condimentos Aceites Aderezos/Salsas Especias Ketchup Mayonesa Mostaza Sal Salsa de Soja/Picantes Tempero Tomatados Vinagres/Otros Alimentos Secos Arroz Snacks Azúcar/Endulzantes Chocolatadas/Batidos Caldos/Sopas/Pure Cereales/ Semillas Delicatessen Dulces Sólidos Dulces/Mermeladas/Miel Fideo/Lasaña/Pasta Galletitas Dulces/Saladas Harinas/Almidón Legumbres secas Leche en Polvo/varios Postres en Polvo Repostería/ Pasteleria Nutriseis Cereales/Semillas Dulces/Mermeladas Azúcar/Endulzantes Galletitas Dulces/Saladas Harina/Soja/Sopas Leche/Café/Chocolate Postres/Dulces Frutos Secos Snacks Bebidas Dieteticas Yogurt/Quesos Golosinas Aderezos/Condimentos/Salsas Panificado Integral Fideo/Arroz Enlatados Yerba/Té Enlatados Aceitunas/Champignon Frutas Enlatadas Verduras enlatadas Paté/Picadillo/Conservas Atún/Mariscos/Sardinas Golosinas Alfajores Caramelos/Chicles Chocolates Turrones Café/Té/Yerba Café Té Yerba Bazar Aire Libre Camping Conservadora/Champañera Terere/Mate Cocina Acces. Madera Acces. Acero Inox. Acces. Aluminio Acces. Plásticos Acces. Teflón Acces. Vidrios Ceramica/Porcelana/Loza Cubiertos Utensilios Cotillón Decoración Servicio de Mesa Vajillas Descartables Varios Decoración/Regalos Decoración Hogar Otros Decoración Organizadores del Hogar Accesorios de Limpieza Lavado/Planchado Organizadores Vajillas Madera Vidrio Metal/Aluminio Plástico/Melamina Bebes Accesorios Alimentación Aseo Muebles y Seguridad Plásticos Alimentos Cereales Leche Preparados Perfumería Cremas y Aceites Capilares Colonias y Fragancias Jabones Pañales desechables Talco Toallitas Humedas Bebidas con Alcohol Aperitivos Con Alcohol Bebidas Blancas Aguardientes Cognac/ Brandie Ron/Cachasa/Caña Tequila Vodka Cervezas Rubias Negras Espumantes,,0.00,,,,unknown,
1498,,,,,,,unknown,
Horarios de entrega,Horarios de entrega Podes recibir tus compras el: Hoy 7: 19:00 a 20:00 hs. 19:00 a 20:00 hs. 19:00 a 20:00 hs. 19:00 a 20:00 hs. 18:00 a 19:00 hs. 19:00 a 20:00 hs. LISTA DE COMPRAS Aún no has agregado nada a la lista. BORRAR LISTA Categorias Almacén Aderezos/Condimentos Aceites Aderezos/Salsas Especias Ketchup Mayonesa Mostaza Sal Salsa de Soja/Picantes Tempero Tomatados Vinagres/Otros Alimentos Secos Arroz Snacks Azúcar/Endulzantes Chocolatadas/Batidos Caldos/Sopas/Pure Cereales/ Semillas Delicatessen Dulces Sólidos Dulces/Mermeladas/Miel Fideo/Lasaña/Pasta Galletitas Dulces/Saladas Harinas/Almidón Legumbres secas Leche en Polvo/varios Postres en Polvo Repostería/ Pasteleria Nutriseis Cereales/Semillas Dulces/Mermeladas Azúcar/Endulzantes Galletitas Dulces/Saladas Harina/Soja/Sopas Leche/Café/Chocolate Postres/Dulces Frutos Secos Snacks Bebidas Dieteticas Yogurt/Quesos Golosinas Aderezos/Condimentos/Salsas Panificado Integral Fideo/Arroz Enlatados Yerba/Té Enlatados Aceitunas/Champignon Frutas Enlatadas Verduras enlatadas Paté/Picadillo/Conservas Atún/Mariscos/Sardinas Golosinas Alfajores Caramelos/Chicles Chocolates Turrones Café/Té/Yerba Café Té Yerba Bazar Aire Libre Camping Conservadora/Champañera Terere/Mate Cocina Acces. Madera Acces. Acero Inox. Acces. Aluminio Acces. Plásticos Acces. Teflón Acces. Vidrios Ceramica/Porcelana/Loza Cubiertos Utensilios Cotillón Decoración Servicio de Mesa Vajillas Descartables Varios Decoración/Regalos Decoración Hogar Otros Decoración Organizadores del Hogar Accesorios de Limpieza Lavado/Planchado Organizadores Vajillas Madera Vidrio Metal/Aluminio Plástico/Melamina Bebes Accesorios Alimentación Aseo Muebles y Seguridad Plásticos Alimentos Cereales Leche Preparados Perfumería Cremas y Aceites Capilares Colonias y Fragancias Jabones Pañales desechables Talco Toallitas Humedas Bebidas con Alcohol Aperitivos Con Alcohol Bebidas Blancas Aguardientes Cognac/ Brandie Ron/Cachasa/Caña Tequila Vodka Cervezas Rubias Negras Espumantes,,0.00,,,,unknown,
"Este sitio web utiliza cookies propias para optimizar la experiencia de nuestros clientes, analizar estadísticas de navegación del sitio y de terceros para brindar contenidos personalizados de acuerdo","Este sitio web utiliza cookies propias para optimizar la experiencia de nuestros clientes, analizar estadísticas de navegación del sitio y de terceros para brindar contenidos personalizados de acuerdo con sus preferencias. Al dar click en [Aceptar], autoriza el uso de cookies durante su navegación. Para más información, consulte nuestra Política de Cookies en el Aviso de Privacidad . Aceptar Supermercado Lacteos y huevo Leche Leche Barista Bové Entera 946ml Bové Leche Barista Bové Entera 946ml Leche Barista Bové Entera 946ml Referencia : 3804250 Información Leche Entera Ultrapasteurizada Las imágenes del producto son únicamente de referencia, el diseños de etiquetas y el contenido (ml, L, Kg, g, piezas, etc) pueden cambiar y/o variar sin previo aviso. Mostrar más Características Importantes Ultrapasteurizada Delicioso sabor Cremoso Comparte Vendido y entregado por: Chedraui $39.00 Agregar Descripción Especificaciones Es un producto de alta calidad y gran sabor, Ideal para hacer preparación de café con un exquisito sabor cremoso con el cuerpo y textura deseados igual que en una cafeteria. Productos relacionados Leche Barista Bové Deslactosada 946ml Bové $0.00 1 pieza de 946ml Combo Cantidad Máxima Equivale a ≈1 pza 3x2 Leche Condensada Nestlé La Lechera Bolsa 209g La Lechera $0.00 1 pieza de 209g Combo Cantidad Máxima Equivale a ≈1 pza 3x2 Leche Chobani Edición Barista Avena 946ml Chobani $0.00 1 pz de 946ml Combo Cantidad Máxima Equivale a ≈1 pza 3x2 Leche Muy Buena 1.892L Muy Buena $0.00 1.892 L Combo Cantidad Máxima Equivale a ≈1 pza 3x2 Leche La Lechera Bebidas 195g La Lechera $0.00 Combo Cantidad Máxima Equivale a ≈1 pza 3x2 Leche Bové Orgánica Entera 960ml Bové $0.00 1 pieza con 960ml Combo Cantidad Máxima Equivale a ≈1 pza 3x2 Leche Condensada Nestlé La Lechera 670g La Lechera $0.00 1 pieza de 670g Combo Cantidad Máxima Equivale a ≈1 pza 3x2 Leche Condensada Nestlé La Lechera Sin Grasa 385g La Lechera $0.00 1 pieza de 385g Combo Cantidad Máxima Equivale a ≈1 p",,3900,,,,unknown,
Verifica tu identidad,Verifica tu identidad Mantén presionado el botón para confirmar que no eres un robot.,,,,,,unknown,
Horarios de entrega,Horarios de entrega Podes recibir tus compras el: Hoy 7: 19:00 a 20:00 hs. 19:00 a 20:00 hs. 19:00 a 20:00 hs. 19:00 a 20:00 hs. 18:00 a 19:00 hs. 19:00 a 20:00 hs. LISTA DE COMPRAS Aún no has agregado nada a la lista. BORRAR LISTA Categorias Almacén Aderezos/Condimentos Aceites Aderezos/Salsas Especias Ketchup Mayonesa Mostaza Sal Salsa de Soja/Picantes Tempero Tomatados Vinagres/Otros Alimentos Secos Arroz Snacks Azúcar/Endulzantes Chocolatadas/Batidos Caldos/Sopas/Pure Cereales/ Semillas Delicatessen Dulces Sólidos Dulces/Mermeladas/Miel Fideo/Lasaña/Pasta Galletitas Dulces/Saladas Harinas/Almidón Legumbres secas Leche en Polvo/varios Postres en Polvo Repostería/ Pasteleria Nutriseis Cereales/Semillas Dulces/Mermeladas Azúcar/Endulzantes Galletitas Dulces/Saladas Harina/Soja/Sopas Leche/Café/Chocolate Postres/Dulces Frutos Secos Snacks Bebidas Dieteticas Yogurt/Quesos Golosinas Aderezos/Condimentos/Salsas Panificado Integral Fideo/Arroz Enlatados Yerba/Té Enlatados Aceitunas/Champignon Frutas Enlatadas Verduras enlatadas Paté/Picadillo/Conservas Atún/Mariscos/Sardinas Golosinas Alfajores Caramelos/Chicles Chocolates Turrones Café/Té/Yerba Café Té Yerba Bazar Aire Libre Camping Conservadora/Champañera Terere/Mate Cocina Acces. Madera Acces. Acero Inox. Acces. Aluminio Acces. Plásticos Acces. Teflón Acces. Vidrios Ceramica/Porcelana/Loza Cubiertos Utensilios Cotillón Decoración Servicio de Mesa Vajillas Descartables Varios Decoración/Regalos Decoración Hogar Otros Decoración Organizadores del Hogar Accesorios de Limpieza Lavado/Planchado Organizadores Vajillas Madera Vidrio Metal/Aluminio Plástico/Melamina Bebes Accesorios Alimentación Aseo Muebles y Seguridad Plásticos Alimentos Cereales Leche Preparados Perfumería Cremas y Aceites Capilares Colonias y Fragancias Jabones Pañales desechables Talco Toallitas Humedas Bebidas con Alcohol Aperitivos Con Alcohol Bebidas Blancas Aguardientes Cognac/ Brandie Ron/Cachasa/Caña Tequila Vodka Cervezas Rubias Negras Espumantes,,,,,,unknown,
1501,,,,,,,unknown,
1502,,,,,,,unknown,
Horarios de entrega,Horarios de entrega Podes recibir tus compras el: Hoy 7: 19:00 a 20:00 hs. 19:00 a 20:00 hs. 19:00 a 20:00 hs. 19:00 a 20:00 hs. 18:00 a 19:00 hs. 19:00 a 20:00 hs. LISTA DE COMPRAS Aún no has agregado nada a la lista. BORRAR LISTA Categorias Almacén Aderezos/Condimentos Aceites Aderezos/Salsas Especias Ketchup Mayonesa Mostaza Sal Salsa de Soja/Picantes Tempero Tomatados Vinagres/Otros Alimentos Secos Arroz Snacks Azúcar/Endulzantes Chocolatadas/Batidos Caldos/Sopas/Pure Cereales/ Semillas Delicatessen Dulces Sólidos Dulces/Mermeladas/Miel Fideo/Lasaña/Pasta Galletitas Dulces/Saladas Harinas/Almidón Legumbres secas Leche en Polvo/varios Postres en Polvo Repostería/ Pasteleria Nutriseis Cereales/Semillas Dulces/Mermeladas Azúcar/Endulzantes Galletitas Dulces/Saladas Harina/Soja/Sopas Leche/Café/Chocolate Postres/Dulces Frutos Secos Snacks Bebidas Dieteticas Yogurt/Quesos Golosinas Aderezos/Condimentos/Salsas Panificado Integral Fideo/Arroz Enlatados Yerba/Té Enlatados Aceitunas/Champignon Frutas Enlatadas Verduras enlatadas Paté/Picadillo/Conservas Atún/Mariscos/Sardinas Golosinas Alfajores Caramelos/Chicles Chocolates Turrones Café/Té/Yerba Café Té Yerba Bazar Aire Libre Camping Conservadora/Champañera Terere/Mate Cocina Acces. Madera Acces. Acero Inox. Acces. Aluminio Acces. Plásticos Acces. Teflón Acces. Vidrios Ceramica/Porcelana/Loza Cubiertos Utensilios Cotillón Decoración Servicio de Mesa Vajillas Descartables Varios Decoración/Regalos Decoración Hogar Otros Decoración Organizadores del Hogar Accesorios de Limpieza Lavado/Planchado Organizadores Vajillas Madera Vidrio Metal/Aluminio Plástico/Melamina Bebes Accesorios Alimentación Aseo Muebles y Seguridad Plásticos Alimentos Cereales Leche Preparados Perfumería Cremas y Aceites Capilares Colonias y Fragancias Jabones Pañales desechables Talco Toallitas Humedas Bebidas con Alcohol Aperitivos Con Alcohol Bebidas Blancas Aguardientes Cognac/ Brandie Ron/Cachasa/Caña Tequila Vodka Cervezas Rubias Negras Espumantes,,025,,,,unknown,
Horarios de entrega,Horarios de entrega Podes recibir tus compras el: Hoy 7: 19:00 a 20:00 hs. 19:00 a 20:00 hs. 19:00 a 20:00 hs. 19:00 a 20:00 hs. 18:00 a 19:00 hs. 19:00 a 20:00 hs. LISTA DE COMPRAS Aún no has agregado nada a la lista. BORRAR LISTA Categorias Almacén Aderezos/Condimentos Aceites Aderezos/Salsas Especias Ketchup Mayonesa Mostaza Sal Salsa de Soja/Picantes Tempero Tomatados Vinagres/Otros Alimentos Secos Arroz Snacks Azúcar/Endulzantes Chocolatadas/Batidos Caldos/Sopas/Pure Cereales/ Semillas Delicatessen Dulces Sólidos Dulces/Mermeladas/Miel Fideo/Lasaña/Pasta Galletitas Dulces/Saladas Harinas/Almidón Legumbres secas Leche en Polvo/varios Postres en Polvo Repostería/ Pasteleria Nutriseis Cereales/Semillas Dulces/Mermeladas Azúcar/Endulzantes Galletitas Dulces/Saladas Harina/Soja/Sopas Leche/Café/Chocolate Postres/Dulces Frutos Secos Snacks Bebidas Dieteticas Yogurt/Quesos Golosinas Aderezos/Condimentos/Salsas Panificado Integral Fideo/Arroz Enlatados Yerba/Té Enlatados Aceitunas/Champignon Frutas Enlatadas Verduras enlatadas Paté/Picadillo/Conservas Atún/Mariscos/Sardinas Golosinas Alfajores Caramelos/Chicles Chocolates Turrones Café/Té/Yerba Café Té Yerba Bazar Aire Libre Camping Conservadora/Champañera Terere/Mate Cocina Acces. Madera Acces. Acero Inox. Acces. Aluminio Acces. Plásticos Acces. Teflón Acces. Vidrios Ceramica/Porcelana/Loza Cubiertos Utensilios Cotillón Decoración Servicio de Mesa Vajillas Descartables Varios Decoración/Regalos Decoración Hogar Otros Decoración Organizadores del Hogar Accesorios de Limpieza Lavado/Planchado Organizadores Vajillas Madera Vidrio Metal/Aluminio Plástico/Melamina Bebes Accesorios Alimentación Aseo Muebles y Seguridad Plásticos Alimentos Cereales Leche Preparados Perfumería Cremas y Aceites Capilares Colonias y Fragancias Jabones Pañales desechables Talco Toallitas Humedas Bebidas con Alcohol Aperitivos Con Alcohol Bebidas Blancas Aguardientes Cognac/ Brandie Ron/Cachasa/Caña Tequila Vodka Cervezas Rubias Negras Espumantes,,0.00,,,,unknown,
1505,,,,,,,unknown,
Horarios de entrega,Horarios de entrega Podes recibir tus compras el: Hoy 7: 19:00 a 20:00 hs. 19:00 a 20:00 hs. 19:00 a 20:00 hs. 19:00 a 20:00 hs. 18:00 a 19:00 hs. 19:00 a 20:00 hs. LISTA DE COMPRAS Aún no has agregado nada a la lista. BORRAR LISTA Categorias Almacén Aderezos/Condimentos Aceites Aderezos/Salsas Especias Ketchup Mayonesa Mostaza Sal Salsa de Soja/Picantes Tempero Tomatados Vinagres/Otros Alimentos Secos Arroz Snacks Azúcar/Endulzantes Chocolatadas/Batidos Caldos/Sopas/Pure Cereales/ Semillas Delicatessen Dulces Sólidos Dulces/Mermeladas/Miel Fideo/Lasaña/Pasta Galletitas Dulces/Saladas Harinas/Almidón Legumbres secas Leche en Polvo/varios Postres en Polvo Repostería/ Pasteleria Nutriseis Cereales/Semillas Dulces/Mermeladas Azúcar/Endulzantes Galletitas Dulces/Saladas Harina/Soja/Sopas Leche/Café/Chocolate Postres/Dulces Frutos Secos Snacks Bebidas Dieteticas Yogurt/Quesos Golosinas Aderezos/Condimentos/Salsas Panificado Integral Fideo/Arroz Enlatados Yerba/Té Enlatados Aceitunas/Champignon Frutas Enlatadas Verduras enlatadas Paté/Picadillo/Conservas Atún/Mariscos/Sardinas Golosinas Alfajores Caramelos/Chicles Chocolates Turrones Café/Té/Yerba Café Té Yerba Bazar Aire Libre Camping Conservadora/Champañera Terere/Mate Cocina Acces. Madera Acces. Acero Inox. Acces. Aluminio Acces. Plásticos Acces. Teflón Acces. Vidrios Ceramica/Porcelana/Loza Cubiertos Utensilios Cotillón Decoración Servicio de Mesa Vajillas Descartables Varios Decoración/Regalos Decoración Hogar Otros Decoración Organizadores del Hogar Accesorios de Limpieza Lavado/Planchado Organizadores Vajillas Madera Vidrio Metal/Aluminio Plástico/Melamina Bebes Accesorios Alimentación Aseo Muebles y Seguridad Plásticos Alimentos Cereales Leche Preparados Perfumería Cremas y Aceites Capilares Colonias y Fragancias Jabones Pañales desechables Talco Toallitas Humedas Bebidas con Alcohol Aperitivos Con Alcohol Bebidas Blancas Aguardientes Cognac/ Brandie Ron/Cachasa/Caña Tequila Vodka Cervezas Rubias Negras Espumantes,,,,,,unknown,
1507,,,,,,,unknown,
Horarios de entrega,Horarios de entrega Podes recibir tus compras el: Hoy 7: 19:00 a 20:00 hs. 19:00 a 20:00 hs. 19:00 a 20:00 hs. 19:00 a 20:00 hs. 18:00 a 19:00 hs. 19:00 a 20:00 hs. LISTA DE COMPRAS Aún no has agregado nada a la lista. BORRAR LISTA Categorias Almacén Aderezos/Condimentos Aceites Aderezos/Salsas Especias Ketchup Mayonesa Mostaza Sal Salsa de Soja/Picantes Tempero Tomatados Vinagres/Otros Alimentos Secos Arroz Snacks Azúcar/Endulzantes Chocolatadas/Batidos Caldos/Sopas/Pure Cereales/ Semillas Delicatessen Dulces Sólidos Dulces/Mermeladas/Miel Fideo/Lasaña/Pasta Galletitas Dulces/Saladas Harinas/Almidón Legumbres secas Leche en Polvo/varios Postres en Polvo Repostería/ Pasteleria Nutriseis Cereales/Semillas Dulces/Mermeladas Azúcar/Endulzantes Galletitas Dulces/Saladas Harina/Soja/Sopas Leche/Café/Chocolate Postres/Dulces Frutos Secos Snacks Bebidas Dieteticas Yogurt/Quesos Golosinas Aderezos/Condimentos/Salsas Panificado Integral Fideo/Arroz Enlatados Yerba/Té Enlatados Aceitunas/Champignon Frutas Enlatadas Verduras enlatadas Paté/Picadillo/Conservas Atún/Mariscos/Sardinas Golosinas Alfajores Caramelos/Chicles Chocolates Turrones Café/Té/Yerba Café Té Yerba Bazar Aire Libre Camping Conservadora/Champañera Terere/Mate Cocina Acces. Madera Acces. Acero Inox. Acces. Aluminio Acces. Plásticos Acces. Teflón Acces. Vidrios Ceramica/Porcelana/Loza Cubiertos Utensilios Cotillón Decoración Servicio de Mesa Vajillas Descartables Varios Decoración/Regalos Decoración Hogar Otros Decoración Organizadores del Hogar Accesorios de Limpieza Lavado/Planchado Organizadores Vajillas Madera Vidrio Metal/Aluminio Plástico/Melamina Bebes Accesorios Alimentación Aseo Muebles y Seguridad Plásticos Alimentos Cereales Leche Preparados Perfumería Cremas y Aceites Capilares Colonias y Fragancias Jabones Pañales desechables Talco Toallitas Humedas Bebidas con Alcohol Aperitivos Con Alcohol Bebidas Blancas Aguardientes Cognac/ Brandie Ron/Cachasa/Caña Tequila Vodka Cervezas Rubias Negras Espumantes,,,,,,unknown,
1509,,,,,,,unknown,
Verifica tu identidad,Verifica tu identidad Mantén presionado el botón para confirmar que no eres un robot.,,,,,,unknown,
Horarios de entrega,Horarios de entrega Podes recibir tus compras el: Hoy 7: 19:00 a 20:00 hs. 19:00 a 20:00 hs. 19:00 a 20:00 hs. 19:00 a 20:00 hs. 18:00 a 19:00 hs. 19:00 a 20:00 hs. LISTA DE COMPRAS Aún no has agregado nada a la lista. BORRAR LISTA Categorias Almacén Aderezos/Condimentos Aceites Aderezos/Salsas Especias Ketchup Mayonesa Mostaza Sal Salsa de Soja/Picantes Tempero Tomatados Vinagres/Otros Alimentos Secos Arroz Snacks Azúcar/Endulzantes Chocolatadas/Batidos Caldos/Sopas/Pure Cereales/ Semillas Delicatessen Dulces Sólidos Dulces/Mermeladas/Miel Fideo/Lasaña/Pasta Galletitas Dulces/Saladas Harinas/Almidón Legumbres secas Leche en Polvo/varios Postres en Polvo Repostería/ Pasteleria Nutriseis Cereales/Semillas Dulces/Mermeladas Azúcar/Endulzantes Galletitas Dulces/Saladas Harina/Soja/Sopas Leche/Café/Chocolate Postres/Dulces Frutos Secos Snacks Bebidas Dieteticas Yogurt/Quesos Golosinas Aderezos/Condimentos/Salsas Panificado Integral Fideo/Arroz Enlatados Yerba/Té Enlatados Aceitunas/Champignon Frutas Enlatadas Verduras enlatadas Paté/Picadillo/Conservas Atún/Mariscos/Sardinas Golosinas Alfajores Caramelos/Chicles Chocolates Turrones Café/Té/Yerba Café Té Yerba Bazar Aire Libre Camping Conservadora/Champañera Terere/Mate Cocina Acces. Madera Acces. Acero Inox. Acces. Aluminio Acces. Plásticos Acces. Teflón Acces. Vidrios Ceramica/Porcelana/Loza Cubiertos Utensilios Cotillón Decoración Servicio de Mesa Vajillas Descartables Varios Decoración/Regalos Decoración Hogar Otros Decoración Organizadores del Hogar Accesorios de Limpieza Lavado/Planchado Organizadores Vajillas Madera Vidrio Metal/Aluminio Plástico/Melamina Bebes Accesorios Alimentación Aseo Muebles y Seguridad Plásticos Alimentos Cereales Leche Preparados Perfumería Cremas y Aceites Capilares Colonias y Fragancias Jabones Pañales desechables Talco Toallitas Humedas Bebidas con Alcohol Aperitivos Con Alcohol Bebidas Blancas Aguardientes Cognac/ Brandie Ron/Cachasa/Caña Tequila Vodka Cervezas Rubias Negras Espumantes,,,,,,unknown,
1511,,,,,,,unknown,
Horarios de entrega,Horarios de entrega Podes recibir tus compras el: Hoy 7: 19:00 a 20:00 hs. 19:00 a 20:00 hs. 19:00 a 20:00 hs. 19:00 a 20:00 hs. 18:00 a 19:00 hs. 19:00 a 20:00 hs. LISTA DE COMPRAS Aún no has agregado nada a la lista. BORRAR LISTA Categorias Almacén Aderezos/Condimentos Aceites Aderezos/Salsas Especias Ketchup Mayonesa Mostaza Sal Salsa de Soja/Picantes Tempero Tomatados Vinagres/Otros Alimentos Secos Arroz Snacks Azúcar/Endulzantes Chocolatadas/Batidos Caldos/Sopas/Pure Cereales/ Semillas Delicatessen Dulces Sólidos Dulces/Mermeladas/Miel Fideo/Lasaña/Pasta Galletitas Dulces/Saladas Harinas/Almidón Legumbres secas Leche en Polvo/varios Postres en Polvo Repostería/ Pasteleria Nutriseis Cereales/Semillas Dulces/Mermeladas Azúcar/Endulzantes Galletitas Dulces/Saladas Harina/Soja/Sopas Leche/Café/Chocolate Postres/Dulces Frutos Secos Snacks Bebidas Dieteticas Yogurt/Quesos Golosinas Aderezos/Condimentos/Salsas Panificado Integral Fideo/Arroz Enlatados Yerba/Té Enlatados Aceitunas/Champignon Frutas Enlatadas Verduras enlatadas Paté/Picadillo/Conservas Atún/Mariscos/Sardinas Golosinas Alfajores Caramelos/Chicles Chocolates Turrones Café/Té/Yerba Café Té Yerba Bazar Aire Libre Camping Conservadora/Champañera Terere/Mate Cocina Acces. Madera Acces. Acero Inox. Acces. Aluminio Acces. Plásticos Acces. Teflón Acces. Vidrios Ceramica/Porcelana/Loza Cubiertos Utensilios Cotillón Decoración Servicio de Mesa Vajillas Descartables Varios Decoración/Regalos Decoración Hogar Otros Decoración Organizadores del Hogar Accesorios de Limpieza Lavado/Planchado Organizadores Vajillas Madera Vidrio Metal/Aluminio Plástico/Melamina Bebes Accesorios Alimentación Aseo Muebles y Seguridad Plásticos Alimentos Cereales Leche Preparados Perfumería Cremas y Aceites Capilares Colonias y Fragancias Jabones Pañales desechables Talco Toallitas Humedas Bebidas con Alcohol Aperitivos Con Alcohol Bebidas Blancas Aguardientes Cognac/ Brandie Ron/Cachasa/Caña Tequila Vodka Cervezas Rubias Negras Espumantes,,,,,,unknown,
1513,,,,,,,unknown,
Error 404:,Error 404: Página no encontrada. Volver al inicio Suscríbete a nuestras notificaciones para enterarte de nuestras ofertas y promociones. Suscribirme Más tarde,,,,,,unknown,
Horarios de entrega,Horarios de entrega Podes recibir tus compras el: Hoy 7: 19:00 a 20:00 hs. 19:00 a 20:00 hs. 19:00 a 20:00 hs. 19:00 a 20:00 hs. 18:00 a 19:00 hs. 19:00 a 20:00 hs. LISTA DE COMPRAS Aún no has agregado nada a la lista. BORRAR LISTA Categorias Almacén Aderezos/Condimentos Aceites Aderezos/Salsas Especias Ketchup Mayonesa Mostaza Sal Salsa de Soja/Picantes Tempero Tomatados Vinagres/Otros Alimentos Secos Arroz Snacks Azúcar/Endulzantes Chocolatadas/Batidos Caldos/Sopas/Pure Cereales/ Semillas Delicatessen Dulces Sólidos Dulces/Mermeladas/Miel Fideo/Lasaña/Pasta Galletitas Dulces/Saladas Harinas/Almidón Legumbres secas Leche en Polvo/varios Postres en Polvo Repostería/ Pasteleria Nutriseis Cereales/Semillas Dulces/Mermeladas Azúcar/Endulzantes Galletitas Dulces/Saladas Harina/Soja/Sopas Leche/Café/Chocolate Postres/Dulces Frutos Secos Snacks Bebidas Dieteticas Yogurt/Quesos Golosinas Aderezos/Condimentos/Salsas Panificado Integral Fideo/Arroz Enlatados Yerba/Té Enlatados Aceitunas/Champignon Frutas Enlatadas Verduras enlatadas Paté/Picadillo/Conservas Atún/Mariscos/Sardinas Golosinas Alfajores Caramelos/Chicles Chocolates Turrones Café/Té/Yerba Café Té Yerba Bazar Aire Libre Camping Conservadora/Champañera Terere/Mate Cocina Acces. Madera Acces. Acero Inox. Acces. Aluminio Acces. Plásticos Acces. Teflón Acces. Vidrios Ceramica/Porcelana/Loza Cubiertos Utensilios Cotillón Decoración Servicio de Mesa Vajillas Descartables Varios Decoración/Regalos Decoración Hogar Otros Decoración Organizadores del Hogar Accesorios de Limpieza Lavado/Planchado Organizadores Vajillas Madera Vidrio Metal/Aluminio Plástico/Melamina Bebes Accesorios Alimentación Aseo Muebles y Seguridad Plásticos Alimentos Cereales Leche Preparados Perfumería Cremas y Aceites Capilares Colonias y Fragancias Jabones Pañales desechables Talco Toallitas Humedas Bebidas con Alcohol Aperitivos Con Alcohol Bebidas Blancas Aguardientes Cognac/ Brandie Ron/Cachasa/Caña Tequila Vodka Cervezas Rubias Negras Espumantes,,,,,,unknown,
Horarios de entrega,Horarios de entrega Podes recibir tus compras el: Hoy 7: 19:00 a 20:00 hs. 19:00 a 20:00 hs. 19:00 a 20:00 hs. 19:00 a 20:00 hs. 18:00 a 19:00 hs. 19:00 a 20:00 hs. LISTA DE COMPRAS Aún no has agregado nada a la lista. BORRAR LISTA Categorias Almacén Aderezos/Condimentos Aceites Aderezos/Salsas Especias Ketchup Mayonesa Mostaza Sal Salsa de Soja/Picantes Tempero Tomatados Vinagres/Otros Alimentos Secos Arroz Snacks Azúcar/Endulzantes Chocolatadas/Batidos Caldos/Sopas/Pure Cereales/ Semillas Delicatessen Dulces Sólidos Dulces/Mermeladas/Miel Fideo/Lasaña/Pasta Galletitas Dulces/Saladas Harinas/Almidón Legumbres secas Leche en Polvo/varios Postres en Polvo Repostería/ Pasteleria Nutriseis Cereales/Semillas Dulces/Mermeladas Azúcar/Endulzantes Galletitas Dulces/Saladas Harina/Soja/Sopas Leche/Café/Chocolate Postres/Dulces Frutos Secos Snacks Bebidas Dieteticas Yogurt/Quesos Golosinas Aderezos/Condimentos/Salsas Panificado Integral Fideo/Arroz Enlatados Yerba/Té Enlatados Aceitunas/Champignon Frutas Enlatadas Verduras enlatadas Paté/Picadillo/Conservas Atún/Mariscos/Sardinas Golosinas Alfajores Caramelos/Chicles Chocolates Turrones Café/Té/Yerba Café Té Yerba Bazar Aire Libre Camping Conservadora/Champañera Terere/Mate Cocina Acces. Madera Acces. Acero Inox. Acces. Aluminio Acces. Plásticos Acces. Teflón Acces. Vidrios Ceramica/Porcelana/Loza Cubiertos Utensilios Cotillón Decoración Servicio de Mesa Vajillas Descartables Varios Decoración/Regalos Decoración Hogar Otros Decoración Organizadores del Hogar Accesorios de Limpieza Lavado/Planchado Organizadores Vajillas Madera Vidrio Metal/Aluminio Plástico/Melamina Bebes Accesorios Alimentación Aseo Muebles y Seguridad Plásticos Alimentos Cereales Leche Preparados Perfumería Cremas y Aceites Capilares Colonias y Fragancias Jabones Pañales desechables Talco Toallitas Humedas Bebidas con Alcohol Aperitivos Con Alcohol Bebidas Blancas Aguardientes Cognac/ Brandie Ron/Cachasa/Caña Tequila Vodka Cervezas Rubias Negras Espumantes,,0.00,,,,unknown,
Horarios de entrega,Horarios de entrega Podes recibir tus compras el: Hoy 7: 19:00 a 20:00 hs. 19:00 a 20:00 hs. 19:00 a 20:00 hs. 19:00 a 20:00 hs. 18:00 a 19:00 hs. 19:00 a 20:00 hs. LISTA DE COMPRAS Aún no has agregado nada a la lista. BORRAR LISTA Categorias Almacén Aderezos/Condimentos Aceites Aderezos/Salsas Especias Ketchup Mayonesa Mostaza Sal Salsa de Soja/Picantes Tempero Tomatados Vinagres/Otros Alimentos Secos Arroz Snacks Azúcar/Endulzantes Chocolatadas/Batidos Caldos/Sopas/Pure Cereales/ Semillas Delicatessen Dulces Sólidos Dulces/Mermeladas/Miel Fideo/Lasaña/Pasta Galletitas Dulces/Saladas Harinas/Almidón Legumbres secas Leche en Polvo/varios Postres en Polvo Repostería/ Pasteleria Nutriseis Cereales/Semillas Dulces/Mermeladas Azúcar/Endulzantes Galletitas Dulces/Saladas Harina/Soja/Sopas Leche/Café/Chocolate Postres/Dulces Frutos Secos Snacks Bebidas Dieteticas Yogurt/Quesos Golosinas Aderezos/Condimentos/Salsas Panificado Integral Fideo/Arroz Enlatados Yerba/Té Enlatados Aceitunas/Champignon Frutas Enlatadas Verduras enlatadas Paté/Picadillo/Conservas Atún/Mariscos/Sardinas Golosinas Alfajores Caramelos/Chicles Chocolates Turrones Café/Té/Yerba Café Té Yerba Bazar Aire Libre Camping Conservadora/Champañera Terere/Mate Cocina Acces. Madera Acces. Acero Inox. Acces. Aluminio Acces. Plásticos Acces. Teflón Acces. Vidrios Ceramica/Porcelana/Loza Cubiertos Utensilios Cotillón Decoración Servicio de Mesa Vajillas Descartables Varios Decoración/Regalos Decoración Hogar Otros Decoración Organizadores del Hogar Accesorios de Limpieza Lavado/Planchado Organizadores Vajillas Madera Vidrio Metal/Aluminio Plástico/Melamina Bebes Accesorios Alimentación Aseo Muebles y Seguridad Plásticos Alimentos Cereales Leche Preparados Perfumería Cremas y Aceites Capilares Colonias y Fragancias Jabones Pañales desechables Talco Toallitas Humedas Bebidas con Alcohol Aperitivos Con Alcohol Bebidas Blancas Aguardientes Cognac/ Brandie Ron/Cachasa/Caña Tequila Vodka Cervezas Rubias Negras Espumantes,,035,,,,unknown,
1518,,,,,,,unknown,
1519,,,,,,,unknown,
Verifica tu identidad,Verifica tu identidad Mantén presionado el botón para confirmar que no eres un robot.,,,,,,unknown,
1520,,,,,,,unknown,
1521,,,,,,,unknown,
1522,,,,,,,unknown,
1523,,,,,,,unknown,
1524,,,,,,,unknown,
1525,,,,,,,unknown,
1526,,,,,,,unknown,
1527,,,,,,,unknown,
Verifica tu identidad,Verifica tu identidad Mantén presionado el botón para confirmar que no eres un robot.,,,,,,unknown,
Verifica tu identidad,Verifica tu identidad Mantén presionado el botón para confirmar que no eres un robot.,,,,,,unknown,
Verifica tu identidad,Verifica tu identidad Mantén presionado el botón para confirmar que no eres un robot.,,,,,,unknown,
1530,,,,,,,unknown,
Verifica tu identidad,Verifica tu identidad Mantén presionado el botón para confirmar que no eres un robot.,,,,,,unknown,
1532,,,,,,,unknown,
Verifica tu identidad,Verifica tu identidad Mantén presionado el botón para confirmar que no eres un robot.,,,,,,unknown,
1534,,,,,,,unknown,
Verifica tu identidad,Verifica tu identidad Mantén presionado el botón para confirmar que no eres un robot.,,,,,,unknown,
1536,,,,,,,unknown,
Verifica tu identidad,Verifica tu identidad Mantén presionado el botón para confirmar que no eres un robot.,,,,,,unknown,
Mercearia,"Mercearia Cafés, Chás e Achocolatados Cafés Café Starbucks Pike Place Roast Torrado e Moído 25... Café Starbucks Pike Place Roast Torrado e Moído 250g Marca: Starbucks - Cod: 1356 R$ 53,19 Condições de pagamento Adicionar ao Carrinho Essa compra destrava cashback! Saiba mais Condições de pagamento Descrição do Produto Café torrado e moído Starbucks, com notas suaves de chocolate. Especificações Técnicas Categoria de Gestão SUBCATEGORIA_KEY 91014770119 Importante Itens Inclusos 1 Café Torrado e Moído à Vácuo Starbucks Pike Place 250g Observações Prazo de Validade: Vide Impresso na Embalagem",,53.19,,,,unknown,
1539,,,,,,,unknown,
Verifica tu identidad,Verifica tu identidad Mantén presionado el botón para confirmar que no eres un robot.,,,,,,unknown,
1540,,,,,,,unknown,
1541,,,,,,,unknown,
Bebidas,"Bebidas Cafés e Chás Cafés Gelados Café Solúvel Tradicional Carrefour SC 50g Café Solúvel Tradicional Carrefour SC 50g Marca: Carrefour - Cod: 11176559 Este produto não está disponível no momento Produtos Patrocinados Patrocinado Vodka Destilada Smirnoff Garrafa 1,75L R$ 54,90 -18% R$ 44,99 Adicionar Descrição do Produto O sabor que você e sua família merece ter em casa! Especificações Técnicas Categoria de Gestão Mercadologia 01014530407 Importante SAC do Fornecedor cafecampinho@cafecampinho.com.br - 35 30111691 Observações Imagem meramente ilustrativa; Praxo de validade impresso na embalagem; Todas as informações divulgadas são de responsabilidade do fabricante/fornecedor; As cores podem sofrer variações de acordo com o tipo, configuração e resolução do seu monitor;",,54.90,,,,unknown,
Verifica tu identidad,Verifica tu identidad Mantén presionado el botón para confirmar que no eres un robot.,,,,,,unknown,
Padaria e Matinais,"Padaria e Matinais Pães e Torradas Pão de Forma Pão de Forma Panco Premium 500g Pão de Forma Panco Premium 500g Marca: Panco - Cod: 12807 de R$ 8,78 - 9 % R$ 7,99 Condições de pagamento Adicionar ao Carrinho Essa compra destrava cashback! Saiba mais Condições de pagamento Produtos Patrocinados Patrocinado Queijo Brie Vigor 120g R$ 19,29 Adicionar Patrocinado Queijo Gorgonzola Vigor 100g R$ 14,59 Adicionar Patrocinado Queijo Parmesão Vigor Kg R$ 33,14 R$ 138,09/kg Adicionar Descrição do Produto Especificações Técnicas Informações Nutricionais Sódio por 100g Não consta Gorduras Saturadas por 100g Não consta Açúcar por 100g Não consta Proteínas por 100g Não consta Fibras por 100g Não consta Percentual de Frutas, Legumes, Verduras e Óleos Vegetais por 100g Não consta Escala de Sódio Alto Escala de Gorduras Saturadas Alto Escala de Açúcar Alto Escala de Proteínas Alto Escala de Fibras Alto Escala de Frutas, Legumes, Verduras e Óleos Vegetais Alto Porção 50 g Porção Equivalente 2 fatias Calorias (Kcal) 125 kcal Carboidratos 24 g Valores Diários de Fibras 5 Valor Energético (KJ) 531 kj Sódio 217 mg Gorduras Saturadas 0,5 g Proteínas 3,9 g Fibras 1,3 g Unidade de medida do peso g Considerar gordura adicionada Não consta Calorias por 100g Não consta Indicador Nutricional em número Não consta Escala de Calorias Alto Ingredientes Farinha de trigo enriquecida com ferro e ácido fólico, açúcar, gordura vegetal, sal refinado, glúten de trigo, soro de leite em pó, conservadores propionato de cálcio e sorbato de potássio, emulsificantes lecitina de soja e estearoil-2-lactil lactado de cálcio e antioxidante ácido ascórbico. Valores Diários de Carboidrato 8 Valores Diários de Proteínas 5 Gorduras Totais 1,5 g Valores Diários de Gorduras Totais 3 Gorduras Trans 0 g Valores Diários de Gorduras Trans ** Valores Diários de Sódio 9 Referência Valores Diários * %Valores Diários com base em uma dieta de 2.000kcal ou 8.400kj. Seus valores diários podem ser maiores ou menores dependendo de sua",,8.78,,,,unknown,
1545,,,,,,,unknown,
1546,,,,,,,unknown,
Mercearia,"Mercearia Cafés, Chás e Achocolatados Cafés Café Torrado e Moído Do Ponto Tradicional Vácuo 50... Café Torrado e Moído Do Ponto Tradicional Vácuo 500 g Marca: Café do Ponto - Cod: 5813 de R$ 39,99 - 15 % R$ 33,99 Condições de pagamento Adicionar ao Carrinho Essa compra destrava cashback! Saiba mais Condições de pagamento Descrição do Produto Você sabia que o café auxilia na depressão e até rejuvenesce as células do corpo humano?Então, curta a vida e tome um delicioso café, como o Café em Pó a Vácuo, do Café do Ponto. Ele é aquele produto que não pode faltar na sua casa, é perfeito para ser degustado quando bate aquela vontade inesperada de café, seja sozinho ou mesmo acompanhado. Possui sabor suave e foi fabricado das plantas arábica e robusta. Especificações Técnicas Sabor suave; Alta qualidade; Tipo arábica; Café em Pó a Vacuo Café do Ponto de 500g Importante SAC do Fornecedor 0800 707 7442 Itens Inclusos 1 Pacote de Café Tradicional 500g Observações Imagem meramente ilustrativa Todas as informações divulgadas são de responsabilidade do fabricante/fornecedor Prazo de Validade: Vide Impresso na Embalagem. Categoria de Gestão SUBCATEGORIA_KEY 91014531003",,39.99,,,,unknown,
Padaria e Matinais,"Padaria e Matinais Pães e Torradas Pão de Forma Pão de Forma sem Casca Pullman 450g Pão de Forma sem Casca Pullman 450g Marca: Pullman - Cod: 3709 de R$ 13,99 - 4 % R$ 13,48 Condições de pagamento Adicionar ao Carrinho Essa compra destrava cashback! Saiba mais Condições de pagamento Produtos Patrocinados Patrocinado Queijo Parmesão Vigor Kg R$ 33,14 R$ 138,09/kg Adicionar Patrocinado Queijo Gorgonzola Vigor 100g R$ 14,59 Adicionar Patrocinado Queijo Brie Vigor 120g R$ 19,29 Adicionar Descrição do Produto Ideal para quem busca por praticidade. Além de ser muito utilizado para o preparo de lasanhas e tortas. Especificações Técnicas Categoria de Gestão SUBCATEGORIA_KEY 91015120805 Importante Itens Inclusos 1 Pacote de Pão de Forma Sem Casca Pullman 450g Observações Imagem meramente ilustrativa Todas as informações divulgadas são de responsabilidade do fabricante/fornecedor Prazo de Validade: Vide Impresso na Embalagem Características do Produto Tipo de Pão Pão de Forma Variantes Valores Diários de Gorduras Saturadas 0 Informações do Produto Farinha Principal Branca Apresentação Fresco Conteúdo 450 g Informações Nutricionais Sódio por 100g 364 mg Gorduras Saturadas por 100g 0,4 g Açúcar por 100g 1,8 g Proteínas por 100g 0 g Fibras por 100g 0 g Percentual de Frutas, Legumes, Verduras e Óleos Vegetais por 100g * Escala de Sódio Médio Escala de Gorduras Saturadas Não significativo Escala de Açúcar Não significativo Escala de Proteínas Não significativo Escala de Fibras Não significativo Escala de Frutas, Legumes, Verduras e Óleos Vegetais Não significativo Porção 50 g Porção Equivalente 2 1/2 fatias Calorias (Kcal) 115 kcal Valor Energético (KJ) 479 kj Sódio 219 mg Gorduras Saturadas 0 g Açúcar 0,9 g Unidade de medida do peso g Considerar gordura adicionada Não Calorias por 100g 222 kcal Indicador Nutricional em número 3 Escala de Calorias Baixo Ingredientes Farinha de trigo fortificada com ferro e ácido fólico, açúcar, óleo vegetal de soja, glúten, sal, vinagre, cloreto d",,13.99,,,,unknown,
1549,,,,,,,unknown,
Verifica tu identidad,Verifica tu identidad Mantén presionado el botón para confirmar que no eres un robot.,,,,,,unknown,
1550,,,,,,,unknown,
Verifica tu identidad,Verifica tu identidad Mantén presionado el botón para confirmar que no eres un robot.,,,,,,unknown,
Verifica tu identidad,Verifica tu identidad Mantén presionado el botón para confirmar que no eres un robot.,,,,,,unknown,
1553,,,,,,,unknown,
Mercearia,"Mercearia Massas e Molhos Massas Grano Duro Macarrão Talharim Camp Oro Grano Duro 500g Macarrão Talharim Camp Oro Grano Duro 500g Marca: Camp Oro - Cod: 7768 de R$ 69,98 - 14 % R$ 59,97 Condições de pagamento Adicionar ao Carrinho Essa compra destrava cashback! Saiba mais Condições de pagamento Descrição do Produto Especificações Técnicas Importante Itens Inclusos 1 Macarrão Talharim Camp Oro Grano Duro 500g Observações Imagem meramente ilustrativa Prazo de Validade: Vide Impresso na Embalagem. Categoria de Gestão SUBCATEGORIA_KEY 91014181104",,69.98,,,,unknown,
Padaria e Matinais,"Padaria e Matinais Pães e Torradas Pão de Forma Pão de Forma Wickbold 5 Zeros Viva Integralmente 4... Pão de Forma Wickbold 5 Zeros Viva Integralmente 400g Marca: Wickbold - Cod: 327295588 R$ 8,78 Condições de pagamento Adicionar ao Carrinho Essa compra destrava cashback! Saiba mais Condições de pagamento Produtos Patrocinados Patrocinado Queijo Parmesão Vigor Kg R$ 33,14 R$ 138,09/kg Adicionar Patrocinado Queijo Gorgonzola Vigor 100g R$ 14,59 Adicionar Patrocinado Queijo Brie Vigor 120g R$ 19,29 Adicionar Descrição do Produto Pão de Forma Wickbold 5 Zeros Viva Integralmente 400g Especificações Técnicas Importante SAC do Fornecedor 0800 011 1938 Itens Inclusos Pão de Forma Wickbold 5 Zeros Viva Integralmente 400g Observações Imagem meramente ilustrativa;Todas as informações divulgadas são de responsabilidade do fabricante/fornecedor;",,8.78,,,,unknown,
Mercearia,"Mercearia Massas e Molhos Massas com Ovos ou Sêmola Macarrão de Sêmola com Ovos Fidelinho 10 Adria 500... Macarrão de Sêmola com Ovos Fidelinho 10 Adria 500g Marca: Adria - Cod: 9148 de R$ 3,89 - 23 % R$ 2,99 Condições de pagamento Adicionar ao Carrinho Essa compra destrava cashback! Saiba mais Condições de pagamento Descrição do Produto Adria com Ovos Fidelinho 10 é uma massa longa que combina muito bem com molhos menos encorpados, que envolvem todos os fios da massa. O macarrão Fidelinho 10 tem espessura mais fina do que o tradicional espaguete, o que garante um cozimento mais rápido. Essa característica é ideal para uma refeição mais prática do dia a dia, como o famoso e irresistível macarrão alho e óleo. Especificações Técnicas Importante SAC do Fornecedor 0800 702 11 20 Itens Inclusos 1 Pacote de Macarrão Espaguete Adria com Ovos Nº10 500g Observações Imagem meramente ilustrativa Prazo de Validade: Vide Impresso na Embalagem Categoria de Gestão SUBCATEGORIA_KEY 91014181203",,3.89,,,,unknown,
Mercearia,"Mercearia Massas e Molhos Massas com Ovos ou Sêmola Macarrão Espaguete n8 com Ovos Barilla 500g Macarrão Espaguete n8 com Ovos Barilla 500g Marca: Barilla - Cod: 5085 Este produto não está disponível no momento Descrição do Produto A Massa com Ovos Barilla é macia e fica soltinha, sem necessidade de colocar óleo na água. Uma receita Italiana desenvolvida para o Brasil, feita com trigo tenro e agora com ovos de galinhas livres de gaiolas. Graças a seu diâmetro tradicional, de tamanho intermediário no universo das massas longas, o Espaguete 8 é extremamente versátil e permite infinitas combinações: desde as receitas mais tradicionais até as mais inéditas, é sempre perfeito para todas as ocasiões. Especificações Técnicas Origem italiana; Harmoniza com molhos leves e encorpados; Com sêmola de trigo com ferro e ácido fólico; Macarrão Espaguete Barilla com Ovos Nº 8 de 500g Importante SAC do Fornecedor 0800 553 199, sac@barilla.com Itens Inclusos 1 Macarrão Espaguete Barilla com Ovos Nº 8 500g Observações Imagem meramente ilustrativa Prazo de Validade: Vide Impresso na Embalagem. Categoria de Gestão SUBCATEGORIA_KEY 91014181202",,,,,,unknown,
Verifica tu identidad,Verifica tu identidad Mantén presionado el botón para confirmar que no eres un robot.,,,,,,unknown,
Error 404:,Error 404: Página no encontrada. Volver al inicio Suscríbete a nuestras notificaciones para enterarte de nuestras ofertas y promociones. Suscribirme Más tarde,,,,,,unknown,
Verifica tu identidad,Verifica tu identidad Mantén presionado el botón para confirmar que no eres un robot.,,,,,,unknown,
1560,,,,,,,unknown,
Mercearia,"Mercearia Massas e Molhos Macarrão Massa de Milho Fusilli sem Glúten Quinoa Massa de Milho Fusilli sem Glúten Quinoa Marca: Tivva - Cod: 7006288 Este produto não está disponível no momento Descrição do Produto O Fusilli de Milho com Quinoa Tivva, é feito com apenas 2 ingredientes, farinha de milho não transgênica e farinha de quinoa branca. É a opção perfeita para deixar as suas refeições mais saudáveis e nutritivas. Experimente! Especificações Técnicas Importante SAC do Fornecedor atendimentoenovafoods.com.br - 0800 055 2323 Itens Inclusos 1 Massa de Milho Fusilli sem Glúten Quinoa Observações Imagem meramente ilustrativa; Todas as informações divulgadas são de responsabilidade do fabricante/fornecedor; Prazo de Validade: Vide Impresso na Embalagem Características do Produto Preferência de Consumo Glúten Free",,,,,,unknown,
Pratos Prontos e Massas Frescas,"Pratos Prontos e Massas Frescas Massas Frescas Massa Fresca Macarrão Talharim Massa Fresca Leve 500g Macarrão Talharim Massa Fresca Leve 500g Marca: Massa Leve - Cod: 2144 R$ 9,49 Condições de pagamento Adicionar ao Carrinho Essa compra destrava cashback! Saiba mais Condições de pagamento Descrição do Produto Que tal dar aquela mudada na tradicional macarronada dos domingos levando à mesa um alimento saudável e cheio de sabor, mas com um formato diferente? Conheça o delicioso Macarrão Talharim Massa Fresca Leve 500g, da Massa Leve. O produto contém a tradicional fórmula com sêmola de trigo duro enriquecida com ferro e ácido fólico, o que deixa a sua refeição mais saudável. Livre de gordura trans. Especificações Técnicas Textura lisa; Contém glúten; Manter em local fresco e arejado; Macarrão talharim Massa Fresca Leve 500g Importante SAC do Fornecedor 0800 196 263 Itens Inclusos 1 Macarrão Talharim Massa Fresca Leve 500g Observações Imagem meramente ilustrativa Prazo de Validade: Vide Impresso na Embalagem. Categoria de Gestão SUBCATEGORIA_KEY 91015070703",,9.49,,,,unknown,
1563,,,,,,,unknown,
Padaria e Matinais,"Padaria e Matinais Leites Leite Integral Lider 1 L Leite Integral Lider 1 L Marca: lider - Cod: 8445 Este produto não está disponível no momento Produtos Patrocinados Patrocinado Queijo Parmesão Vigor Kg R$ 33,14 R$ 138,09/kg Adicionar Patrocinado Queijo Gorgonzola Vigor 100g R$ 14,59 Adicionar Patrocinado Queijo Brie Vigor 120g R$ 19,29 Adicionar Descrição do Produto Leite Integral Lider 1 L Especificações Técnicas Variantes Valores Diários de Gorduras Saturadas 17 Importante SAC do Fornecedor 0800-6450085 sac@lideralimentos.com.br Itens Inclusos Leite Integral Lider 1 L Observações Imagem meramente ilustrativa; Todas as informações divulgadas são de responsabilidade do fabricante/fornecedor; Prazo de Validade: Vide Impresso na Embalagem Informações Nutricionais Sódio por 100g 71,5 mg Gorduras Saturadas por 100g 1,9 g Açúcar por 100g * Proteínas por 100g 3,1 g Fibras por 100g 0 g Percentual de Frutas, Legumes, Verduras e Óleos Vegetais por 100g 0-40% Escala de Sódio Não significativo Escala de Gorduras Saturadas Baixo Escala de Açúcar Baixo Escala de Proteínas Baixo Escala de Fibras Não significativo Escala de Frutas, Legumes, Verduras e Óleos Vegetais Não significativo Porção 200 ml Porção Equivalente 1 copo Calorias (Kcal) 116 kcal Carboidratos 9,3 g Cálcio 240 mg Valores Diários de Fibras 0 Valor Energético (KJ) 487 kj Sódio 143 mg Gorduras Saturadas 3,7 g Proteínas 6,2 g Fibras 0 g Unidade de medida do peso ml Considerar gordura adicionada Não Calorias por 100g 58 kcal Indicador Nutricional em número 2 Escala de Calorias Não Significativo Ingredientes Leite integral, estabilizantes (trifosfato de sódio, difosfato de sódio, monofosfato de sódio) e citrato de sódio. Valores Diários de Carboidrato 3 Valores Diários de Proteínas 8 Gorduras Totais 6,0 g Valores Diários de Gorduras Totais 11 Gorduras Trans 0 g Valores Diários de Gorduras Trans VD não estabelecido. Valores Diários de Sódio 6 Valores Diários de Cálcio 24 Referência Valores Diários * %Valores Diários co",,33.14,,,,unknown,
Padaria e Matinais,"Padaria e Matinais Leites Leite UHT Leite UHT Integral Itambé Caixa com Tampa 1 L Leite UHT Integral Itambé Caixa com Tampa 1 L Marca: Vigor - Cod: 3406 Este produto não está disponível no momento Produtos Patrocinados Patrocinado Queijo Parmesão Vigor Kg R$ 33,14 R$ 138,09/kg Adicionar Patrocinado Queijo Gorgonzola Vigor 100g R$ 14,59 Adicionar Patrocinado Queijo Brie Vigor 120g R$ 19,29 Adicionar Descrição do Produto Leite UHT Integral Itambé Caixa com Tampa 1 L Especificações Técnicas Características do Produto Linha Nolac Variantes Valores Diários de Gorduras Saturadas 18 Informações Nutricionais Sódio por 100g 69 mg Gorduras Saturadas por 100g 2 g Açúcar por 100g * Proteínas por 100g 3 g Fibras por 100g 0 g Percentual de Frutas, Legumes, Verduras e Óleos Vegetais por 100g * Escala de Sódio Não significativo Escala de Gorduras Saturadas Baixo Escala de Açúcar Não significativo Escala de Proteínas Baixo Escala de Fibras Não significativo Escala de Frutas, Legumes, Verduras e Óleos Vegetais Não significativo Porção 200 ml Porção Equivalente 1 copo Calorias (Kcal) 113 kcal Carboidratos 8,8 g Cálcio 230 mg Valores Diários de Fibras 0 Valor Energético (KJ) 475 kj Sódio 138 mg Gorduras Saturadas 4,0 g Proteínas 6,0 g Fibras 0 g Unidade de medida do peso ml Considerar gordura adicionada Não Calorias por 100g 56,5 kcal Indicador Nutricional em número 2 Escala de Calorias Não Significativo Ingredientes Leite integral, estabilizante citrato de sódio e mistura de estabilizantes para leite UHT (trifosfato de sódio, difosfato de sódio e monofosfato de sódio). Valores Diários de Carboidrato 3 Valores Diários de Proteínas 8 Gorduras Totais 6,0 g Valores Diários de Gorduras Totais 11 Gorduras Trans 0 g Valores Diários de Gorduras Trans ** Valores Diários de Sódio 6 Valores Diários de Cálcio 23 Referência Valores Diários * %Valores Diários com base em uma dieta de 2.000kcal ou 8.400kj. Seus valores diários podem ser maiores ou menores dependendo de suas necessidades energéticas.",,33.14,,,,unknown,
Padaria e Matinais,"Padaria e Matinais Leites Leite UHT Leite Integral UHT Ninho Fortificado 1L Leite Integral UHT Ninho Fortificado 1L Marca: Nestlé - Cod: 7338425 de R$ 5,99 - 17 % R$ 4,99 Condições de pagamento Adicionar ao Carrinho Essa compra destrava cashback! Saiba mais Condições de pagamento Produtos Patrocinados Patrocinado Queijo Parmesão Vigor Kg R$ 33,14 R$ 138,09/kg Adicionar Patrocinado Queijo Gorgonzola Vigor 100g R$ 14,59 Adicionar Patrocinado Queijo Brie Vigor 120g R$ 19,29 Adicionar Descrição do Produto Consuma o Leite Integral UHT Ninho Fortificado à qualquer hora do dia, no café da manhã, da tarde, ou até no pós treino! A caixa possui tampa. Contém 1 litro. Especificações Técnicas Produto sem estabilizantes. Alguns nutrientes podem se depositar no fundo da embalagem. Dimensões e Peso Peso aproximado do produto sem embalagem 1000 ml Importante SAC do Fornecedor 0800 606 7578 Itens Inclusos Leite Integral UHT Ninho Fortificado 1L Observações Imagem meramente ilustrativa; Todas as informações divulgadas são de responsabilidade do fabricante/fornecedor; Prazo de Validade: Vide Impresso na Embalagem. Produto Internacional Não Informações Nutricionais Sódio por 100g Não consta Gorduras Saturadas por 100g Não consta Açúcar por 100g Não consta Proteínas por 100g Não consta Fibras por 100g Não consta Percentual de Frutas, Legumes, Verduras e Óleos Vegetais por 100g Não consta Escala de Sódio Alto Escala de Gorduras Saturadas Alto Escala de Açúcar Alto Escala de Proteínas Alto Escala de Fibras Alto Escala de Frutas, Legumes, Verduras e Óleos Vegetais Alto Considerar gordura adicionada Não consta Calorias por 100g Não consta Indicador Nutricional em número Não consta Escala de Calorias Alto Ingredientes Leite integral e vitaminas [vitamina C (ácido ascórbico), vitamina E (acetato de DL-alfa-tocoferila), vitamina A (acetato de retinila) e vitamina D (colecalciferol)]. Contém Lactose Não Informado Contém Glúten Não Informado Contém Ovo Não Informado Informação Nutricional Não Lí",,5.99,,,,unknown,
Bebidas,"Bebidas Cervejas Cervejas Tradicionais Cerveja Heineken Garrafa 600ml Cerveja Heineken Garrafa 600ml Marca: Heineken - Cod: 1031 R$ 13,19 Condições de pagamento Adicionar ao Carrinho Essa compra destrava cashback! Saiba mais Condições de pagamento Produtos Patrocinados Patrocinado Vodka Destilada Smirnoff Garrafa 1,75L R$ 54,90 -18% R$ 44,99 Adicionar Descrição do Produto Heineken é uma cerveja lager Puro Malte, refrescante e de cor amarelo-dourado, produzida com ingredientes 100% naturais: água, malte e lúpulo. Durante o processo de fermentação da Heineken, a exclusiva Levedura A é responsável pelo sabor característico e bem equilibrado, com notas frutadas sutis. A cerveja é fabricada em tanques horizontais para mais sabor e consistência. É por isso que nenhuma outra cerveja tem o gosto de Heineken. Aprecie uma Heineken gelada, fresca e de alta qualidade na icônica versão em garrafa 600ml. A Heineken foi criada para ser a melhor cerveja do mundo desde 1873. Algumas coisas são boas demais para mudar! A lager é uma cerveja mais leve e combina bem com hambúrguer, comida mexicana, queijos e castanhas. Perfeita para qualquer ocasião! Especificações Técnicas Puro Malte; 100% natural; Fermentação horizontal; Cerveja Premium Características do Produto Graduação Alcóolica 5 % Categoria de Gestão SUBCATEGORIA_KEY 91010110301 Importante Importante Imagem meramente ilustrativa A venda e o consumo de bebidas alcoólicas são proibidos para menores de 18 anos. Bebida Alcoólica pode causar dependência química, e em excesso, provoca graves males à saúde. Beba com Moderação. Itens Inclusos 1 Garrafa Heineken Ow 600ml. Observações A venda e o consumo de bebidas alcoólicas são proibidos para menores de 18 anos. Bebida Alcoólica pode causar dependência química, e em excesso, provoca graves males à saúde.Beba com Moderação. Informações do Produto Fermentação Baixa Quantidade de Garrafas 1.0 Tamanho da Lata ou Garrafa Grande Estilo de Cerveja Pilsen Tipo de Cerveja Tradicional País Brasil",,13.19,,,,unknown,
Padaria e Matinais,"Padaria e Matinais Pães e Torradas Outros Pães Pão Integral Nutrella 450g Pão Integral Nutrella 450g Marca: Nutrella - Cod: 2240 Este produto não está disponível no momento Produtos Patrocinados Patrocinado Queijo Parmesão Vigor Kg R$ 33,14 R$ 138,09/kg Adicionar Patrocinado Queijo Gorgonzola Vigor 100g R$ 14,59 Adicionar Patrocinado Queijo Brie Vigor 120g R$ 19,29 Adicionar Descrição do Produto 100% sabor, aroma e textura. E assim como você, é cheia de vontades. Satisfazer as suas. A principal delas? Deliciosamente nutritiva, esta receita é cheia de saúde! O pão é feito com farinha totalmente integral, aquela que preserva vitaminas, proteínas, minerais e fibras dos grãos. Uma farinha 100% saudável e 100% alto astral! Acrescentamos a ela sementes poderosas como as de girassol, de linhaça e o gergelim, que além de Especificações Técnicas Todo natural; Fonte de fibras; Zero conservantes; Sem gorduras trans Categoria de Gestão SUBCATEGORIA_KEY 91015120602 Informações Nutricionais Sódio por 100g 306 mg Gorduras Saturadas por 100g 0,8 g Açúcar por 100g 6,2 g Proteínas por 100g 14,6 g Fibras por 100g 7,2 g Percentual de Frutas, Legumes, Verduras e Óleos Vegetais por 100g * Escala de Sódio Baixo Escala de Gorduras Saturadas Não significativo Escala de Açúcar Baixo Escala de Proteínas Alto Escala de Fibras Alto Escala de Frutas, Legumes, Verduras e Óleos Vegetais Não significativo Porção 50 g Porção Equivalente 1 1/2 fatias Calorias (Kcal) 137 kcal Carboidratos 22 g Valores Diários de Fibras 14 Valor Energético (KJ) 575 kj Sódio 153 mg Gorduras Saturadas 0,4 g Açúcar 3,1 g Proteínas 7,3 g Fibras 3,6 g Unidade de medida do peso g Considerar gordura adicionada Não Calorias por 100g 274 kcal Indicador Nutricional em número 1 Escala de Calorias Baixo Ingredientes Farinha de trigo integral, açúcar, glúten, semente de linhaça, óleo vegetal de soja, grão de trigo, vinagre, farelo de trigo, sal, semente de girassol, gergelim e extrato de acerola. Valores Diários de Carboidrato 7 Va",,33.14,,,,unknown,
Especiais,"Especiais Meu Desconto Blog do Pão Perfumaria Orgânicos e Saudáveis Vinhos e Espumantes Cartões Pão de Açúcar Notícias do Pão Qualitá Flores e Presenteáveis Bebidas Destiladas Categorias Alimentos Bebidas Limpeza Descartáveis Bebê e Criança Perfumaria PetShop Bazar Têxtil Feito de Brasil Categorias Categorias Categorias Para aumentar ou reduzir a fonte, utilize os atalhos nativos do seu navegador: No windows CTRL + (para aumentar) e CTRL - (para diminuir) No macOS CMD + (para aumentar) e CMD - (para diminuir) Nossas Lojas Como Comprar Seguros Pão de Açúcar Cartões Pão de Açúcar Pão de Açúcar Mais 0 Digite o que você quer encontrar BUSCAR Entrar 0 Entrega Home Alimentos Básico da Despensa Grãos e Cereais Arroz Formas de parcelamento Arroz Agulhinha Tipo 1 TIO JOÃO Pacote 1kg Cód.: 0154093 R$ 7,49 Preço por 1kg - R$ 7,49 Comprar Calcular o frete e prazo: OK Descrição do produto Ingrediente: Arroz. NÃO CONTÉM GLÚTEN. Elaboração Volume 1kg Informações Adicionais Produto Orgânico Não Característica Geral Cor Branco Marca Tio João Altura (cm) 21 Largura (cm) 14.1 Conversão Unidade 11 Peso Bruto 1.065 Nome da Medida Principal Peso LíquidoPeso Líquido Peso Líquido 1 Profundidade (cm) 4.7 Quantidade de Unidades 1 Unid. Quantidade UN Unid. Peso Bruto KG Unid. Peso Líquido KG Outros Nome Principal do Item Arroz Tabela nutricional Informação Nutricional porção de 50g|Quantidade por porção|%VD* ITEM QTDE. POR PORÇÃO VALORES DIÁRIOS Cálcio 12 mg 1 Sódio 0 mg 0 Colesterol 0 mg 0 Gorduras saturadas 0g 0 Carboidratos 40g 11 Proteínas 3g 6 Fibra alimentar menor que 1g 2 Gorduras totais 0g 0 Valor calórico 170 kcal 7 Ferro 1 mg 7 (**) Valores Diários de Referência com base em uma dieta de 2.500 calorias. baixe o app Institucional Quem somos Trabalhe Conosco Política de Privacidade e Termos de Uso Termos Buscados Heineken Vinhos Cervejas Fraldas Categorias Alimentos Bebidas Limpeza Descartáveis Bebê e Criança Perfumaria PetShop Bazar Têxtil Feito de Brasil Mapa do site Mapa de categori",,7.49,,,,unknown,
Verifica tu identidad,Verifica tu identidad Mantén presionado el botón para confirmar que no eres un robot.,,,,,,unknown,
Bebidas,"Bebidas Cervejas Cervejas Tradicionais Cerveja Lager Premium Puro Malte Stella Artois 330... Cerveja Lager Premium Puro Malte Stella Artois 330ml Marca: Stella Artois - Cod: 6989537 R$ 6,39 Condições de pagamento Adicionar ao Carrinho Essa compra destrava cashback! Saiba mais Condições de pagamento Produtos Patrocinados Patrocinado Vodka Destilada Smirnoff Garrafa 1,75L R$ 54,90 -18% R$ 44,99 Adicionar Descrição do Produto A receita de Stella Artois foi criada, originalmente, como um presente de natal para os habitantes da pequena cidade de Leuven, na Bélgica. Cristalina, recebeu o nome de Stella, estrela em Latim. Sua receita única produz uma cerveja com aromas suaves e notas maltadas. A experiência e a tradição cervejeira de mais de 600 anos resultam em uma lager muito bem equilibradas. Uma cerveja de sabor intenso e com final suave. Stella Artois foi criada para ser saboreada. Especificações Técnicas Família: Lager; Tipo de Cerveja: Premium Puro Malte; Especificidades Alimentares: Contém Glúten; Embalagem: Garrafa; Recomendação de Conservação: Conservar em local Temperatura Ambiente Dimensões e Peso Peso aproximado do produto sem embalagem 330 ml Importante SAC do Fornecedor 0800 725 0001 Importante Imagem meramente ilustrativa A venda e o consumo de bebidas alcoólicas são proibidos para menores de 18 anos. Bebida Alcoólica pode causar dependência química, e em excesso, provoca graves males à saúde. Beba com Moderação. Itens Inclusos Cerveja Lager Premium Puro Malte Stella Artois Garrafa 330ml Observações Imagem meramente ilustrativa; Todas as informações divulgadas são de responsabilidade do fabricante/fornecedor; Prazo de Validade: Vide Impresso na Embalagem. Características do Produto Graduação Alcóolica 5 % Informações do Produto País Brasil Categoria de Gestão SUBCATEGORIA_KEY F-1 Mercadologia -1",,6.39,,,,unknown,
Especiais,"Especiais Meu Desconto Blog do Pão Perfumaria Orgânicos e Saudáveis Vinhos e Espumantes Cartões Pão de Açúcar Notícias do Pão Qualitá Flores e Presenteáveis Bebidas Destiladas Categorias Alimentos Bebidas Limpeza Descartáveis Bebê e Criança Perfumaria PetShop Bazar Têxtil Feito de Brasil Categorias Categorias Categorias Para aumentar ou reduzir a fonte, utilize os atalhos nativos do seu navegador: No windows CTRL + (para aumentar) e CTRL - (para diminuir) No macOS CMD + (para aumentar) e CMD - (para diminuir) Nossas Lojas Como Comprar Seguros Pão de Açúcar Cartões Pão de Açúcar Pão de Açúcar Mais 0 Digite o que você quer encontrar BUSCAR Entrar 0 Entrega Home Alimentos Básico da Despensa Grãos e Cereais Arroz Formas de parcelamento Arroz Agulhinha Tipo 1 CAMIL Pacote 1kg Cód.: 0300438 R$ 6,99 Preço por 1kg - R$ 6,99 Comprar Calcular o frete e prazo: OK Descrição do produto Ingrediente: Arroz. NÃO CONTÉM GLÚTEN. Elaboração Volume 1kg Tipo Arroz agulhinha tipo 1 Informações Adicionais Produto Orgânico Não Característica Geral Cor Branco Marca Camil Altura (cm) 22.5 Largura (cm) 14.5 Conversão Unidade 11 Peso Bruto 1.065 Nome da Medida Principal Peso LíquidoPeso Líquido Peso Líquido 1 Profundidade (cm) 4 Quantidade de Unidades 1 Unid. Quantidade UN Unid. Peso Bruto KG Unid. Peso Líquido KG Outros Nome Principal do Item Arroz Tabela nutricional Informação Nutricional Porção de 50g (1/4 de Xícara)**|Quantidade Por Porção|%VD ITEM QTDE. POR PORÇÃO VALORES DIÁRIOS Gorduras saturadas 0g 0 Carboidratos 39g 13 Proteínas 3,7g 5 Valor energético 171Kcal 9 Fibra alimentar 0,8g 3 Gorduras totais 0g 0 (*)Valores diários com base em uma dieta de 2.000 calorias ou 8.400 Kj (**)Seus valores diários podem ser maiores ou menores dependendo de suas necessidades energéticas.(**)Valor diário não estabelecidos. baixe o app Institucional Quem somos Trabalhe Conosco Política de Privacidade e Termos de Uso Termos Buscados Heineken Vinhos Cervejas Fraldas Categorias Alimentos Bebidas Limpeza D",,6.99,,,,unknown,
Bebidas,"Bebidas Refrigerantes Tradicional Refrigerante Coca-Cola Garrafa 2 L Refrigerante Coca-Cola Garrafa 2 L Marca: Coca-Cola - Cod: 4766189 R$ 10,99 Condições de pagamento Adicionar ao Carrinho Essa compra destrava cashback! Saiba mais Condições de pagamento Produtos Patrocinados Patrocinado Vodka Destilada Smirnoff Garrafa 1,75L R$ 54,90 -18% R$ 44,99 Adicionar Descrição do Produto Refrigerante de Cola Original Coca-Cola Garrafa 2l Especificações Técnicas Importante Itens Inclusos 1 Refrigerante Coca-Cola Garrafa 2 L Características do Produto Tipo de Refrigerante Tradicional Informações do Produto Sabor Cola Tipo de Produto Refrigerante Apresentação Líquido Conteúdo 2 L Embalagem Garrafa",,10.99,,,,unknown,
Especiais,"Especiais Meu Desconto Blog do Pão Perfumaria Orgânicos e Saudáveis Vinhos e Espumantes Cartões Pão de Açúcar Notícias do Pão Qualitá Flores e Presenteáveis Bebidas Destiladas Categorias Alimentos Bebidas Limpeza Descartáveis Bebê e Criança Perfumaria PetShop Bazar Têxtil Feito de Brasil Categorias Categorias Categorias Para aumentar ou reduzir a fonte, utilize os atalhos nativos do seu navegador: No windows CTRL + (para aumentar) e CTRL - (para diminuir) No macOS CMD + (para aumentar) e CMD - (para diminuir) Nossas Lojas Como Comprar Seguros Pão de Açúcar Cartões Pão de Açúcar Pão de Açúcar Mais 0 Digite o que você quer encontrar BUSCAR Entrar 0 Entrega Home Alimentos Básico da Despensa Grãos e Cereais Arroz Formas de parcelamento Arroz Branco Tipo 1 Solito Pacote 5kg Cód.: 0151511 R$ 23,99 Preço por 1kg - R$ 4,79 Comprar Calcular o frete e prazo: OK Informações Adicionais Corante Não Contém Glúten Não Contém Lactose Não Contém Soja Pode Conter Possui Informações Nutricionais Sim Produto Orgânico Não Produto Vegano Não Produto Sem Adição Açúcar Não Característica Geral Cor Branco Marca Solito Altura (cm) 37 Largura (cm) 25.6 Conversão Unidade 11 Peso Bruto 5.029 Nome da Medida Principal Peso LíquidoPeso Líquido Peso Líquido 5 Profundidade (cm) 9 Quantidade de Unidades 1 Tipo 2 Tipo 1 Tipo de armazenagem Temperatura Ambiente Unid. Quantidade UN Unid. Peso Bruto KG Aromatizante Não Contém Unid. Peso Líquido KG Outros Nome Principal do Item Arroz Tabela nutricional Porção de 50G - 1/4 de xícara de chá ITEM QTDE. POR PORÇÃO VALORES DIÁRIOS Açúcares Adicionados 0 g 0 Açúcares Totais 0 g ** Carboidratos 38 g 13 Fibra Alimentar 0.9 g 4 Gorduras Saturadas 0.2 g 1 Gorduras Totais 0.7 g 1 Gorduras Trans 0 g 0 Proteínas 4 g 8 Sódio 8 mg 0 Valor energético 176 kcal 9 *Percentual de valores diários fornecidos pela porção. Valor de 100g referente ao alimento pronto para o consumo. baixe o app Institucional Quem somos Trabalhe Conosco Política de Privacidade e Termos de Uso Termo",,23.99,,,,unknown,
Bebidas,"Bebidas Cervejas Cervejas Tradicionais Cerveja Brahma Duplo Malte Puro Malte 350ml Lata Cerveja Brahma Duplo Malte Puro Malte 350ml Lata Marca: Brahma - Cod: 19775 de R$ 3,99 - 13 % R$ 3,49 Condições de pagamento Adicionar ao Carrinho Essa compra destrava cashback! Saiba mais Condições de pagamento Produtos Patrocinados Patrocinado Vodka Destilada Smirnoff Garrafa 1,75L R$ 54,90 -18% R$ 44,99 Adicionar Descrição do Produto Brahma Duplo Malte possui dois tipos de malte, uma combinação surpreendente entre a leveza do Malte Pilsen ​e o sabor do Malte Munich: equlíbrio perfeito entre sabor e refrescância. Temos uma cerveja puro malte dourada e com aquela espuma cremosa que você já ama. A única com Brahmosidade. Brahmosidade é a cremosidade que só a Brahma Duplo Malte tem! Ingredientes: Água, Malte, Lúpulo. Alergênicos: Contém cevada e glúten. Harmonização: Amendoim, Croquete de Carne, Batata frita e é claro, com um maravilhoso churrasco! Especificações Técnicas Importante SAC do Fornecedor 0800 887 1111 Importante Imagem meramente ilustrativa A venda e o consumo de bebidas alcoólicas são proibidos para menores de 18 anos. Bebida Alcoólica pode causar dependência química, e em excesso, provoca graves males à saúde. Beba com Moderação. Itens Inclusos 1 Lata de Brahma 350ml. Observações A venda e o consumo de bebidas alcoólicas são proibidos para menores de 18 anos. Bebida Alcoólica pode causar dependência química, e em excesso, provoca graves males à saúde.Beba com Moderação. Informações do Produto Fermentação Baixa Quantidade de Latas 1.0 Tamanho da Lata ou Garrafa Tradicional Estilo de Cerveja Pilsen Tipo de Cerveja Tradicional País Brasil Unidades 1 Características do Produto Graduação Alcóolica 4.8 % Categoria de Gestão SUBCATEGORIA_KEY 91010110401",,3.99,,,,unknown,
Especiais,"Especiais Meu Desconto Blog do Pão Perfumaria Orgânicos e Saudáveis Vinhos e Espumantes Cartões Pão de Açúcar Notícias do Pão Qualitá Flores e Presenteáveis Bebidas Destiladas Categorias Alimentos Bebidas Limpeza Descartáveis Bebê e Criança Perfumaria PetShop Bazar Têxtil Feito de Brasil Categorias Categorias Categorias Para aumentar ou reduzir a fonte, utilize os atalhos nativos do seu navegador: No windows CTRL + (para aumentar) e CTRL - (para diminuir) No macOS CMD + (para aumentar) e CMD - (para diminuir) Nossas Lojas Como Comprar Seguros Pão de Açúcar Cartões Pão de Açúcar Pão de Açúcar Mais 0 Digite o que você quer encontrar BUSCAR Entrar 0 Entrega 0 Home Alimentos Básico da Despensa Grãos e Cereais Arroz Formas de parcelamento Arroz Culinária Oriental Tipo 1 MOMIJI Pacote 1kg Cód.: 4529187 Ops :( No momento não temos esse produto em estoque Indisponível Descrição do produto Ingredientes: Arroz classe longo tipo 1 - Subgrupo polido - Próprio para culinária oriental. NÃO CONTÉM GLÚTEN. Elaboração Volume 1kg Tipo Tipo 1 Informações Adicionais Produto Orgânico Não Característica Geral Cor Branco Marca Momiji Altura (cm) 22.5 Largura (cm) 14.5 Conversão Unidade 11 Peso Bruto 1.065 Nome da Medida Principal Peso LíquidoPeso Líquido Peso Líquido 1 Profundidade (cm) 4 Quantidade de Unidades 1 Unid. Quantidade UN Unid. Peso Bruto KG Unid. Peso Líquido KG Outros Nome Principal do Item Arroz Tabela nutricional Informação Nutricional Porção de 50g|Quantidade por porção|%VD* ITEM QTDE. POR PORÇÃO VALORES DIÁRIOS Sódio 0mg 0 Gorduras saturadas 0g 0 Carboidratos 39g 13 Gorduras Trans 0g ** Proteínas 3,7g 5 Valor Energético 171kcal 9 Fibra alimentar 0,8g 3 Gorduras totais 0g 0 (*) Valores Diários de Referência com base em uma dieta de 2.000 calorias ou 8.400 Kj. (**) Valor Não Estabelecido baixe o app Institucional Quem somos Trabalhe Conosco Política de Privacidade e Termos de Uso Termos Buscados Heineken Vinhos Cervejas Fraldas Categorias Alimentos Bebidas Limpeza Descartáv",,,,,,unknown,
Bebidas,"Bebidas Refrigerantes Sem Açúcar Refrigerante Guaraná Antarctica Sem Açúcar Garrafa... Refrigerante Guaraná Antarctica Sem Açúcar Garrafa 2L Marca: Antarctica - Cod: 4159 R$ 9,49 Condições de pagamento Adicionar ao Carrinho Essa compra destrava cashback! Saiba mais Condições de pagamento Produtos Patrocinados Patrocinado Vodka Destilada Smirnoff Garrafa 1,75L R$ 54,90 -18% R$ 44,99 Adicionar Patrocinado Vodka Destilada Smirnoff Garrafa 998ml R$ 36,90 -18% R$ 30,29 Adicionar Patrocinado Vodka Smirnoff 600ml R$ 23,90 -15% R$ 20,29 Adicionar Patrocinado Vodka Cîroc 750ml R$ 199,90 -18% R$ 163,89 Adicionar Descrição do Produto Guaraná Antarctica Sem Açúcar : Guaraná Antarctica Sem Açúcar é o mesmo sabor original do Brasil agora feito sem adição de açúcares. O refrigerante que é coisa nossa, é óbvio que combina com tudo. Da salada até o lanchão, sem exceções. Sabe o que é o melhor? Ele refrexcaaaa igualzinho ao tradicional. Especificações Técnicas Zero Açúcar; Original do Brasil; Sabor Inconfundível; Leve e Refrescante Características do Produto Linha Zero Tipo de Refrigerante Sem Açúcar Preferência de Consumo Diet Informações do Produto Sabor Guaraná Tipo de Produto Refrigerante Conteúdo 2 L País Brasil Recomendações de Conservação Temperatura Ideal de Conservação entre 13°C e 15°C. Diferenciais do Produto Zero Açúcar Embalagem Garrafa Fabricante Ambev Linha Zero Categoria de Gestão SUBCATEGORIA_KEY 91010431202 Informações Nutricionais Sódio por 100g 5,5 mg Gorduras Saturadas por 100g 0 g Açúcar por 100g 0 g Proteínas por 100g 0 g Fibras por 100g 0 g Percentual de Frutas, Legumes, Verduras e Óleos Vegetais por 100g * Escala de Sódio Não significativo Escala de Gorduras Saturadas Não significativo Escala de Açúcar Não significativo Escala de Proteínas Não significativo Escala de Fibras Não significativo Escala de Frutas, Legumes, Verduras e Óleos Vegetais Não significativo Porção 200 ml Porção Equivalente 1 copo Calorias (Kcal) 0 kcal Carboidratos 0 g Valor Energético (K",,9.49,,,,unknown,
Especiais,"Especiais Meu Desconto Blog do Pão Perfumaria Orgânicos e Saudáveis Vinhos e Espumantes Cartões Pão de Açúcar Notícias do Pão Qualitá Flores e Presenteáveis Bebidas Destiladas Categorias Alimentos Bebidas Limpeza Descartáveis Bebê e Criança Perfumaria PetShop Bazar Têxtil Feito de Brasil Categorias Categorias Categorias Para aumentar ou reduzir a fonte, utilize os atalhos nativos do seu navegador: No windows CTRL + (para aumentar) e CTRL - (para diminuir) No macOS CMD + (para aumentar) e CMD - (para diminuir) Nossas Lojas Como Comprar Seguros Pão de Açúcar Cartões Pão de Açúcar Pão de Açúcar Mais 0 Digite o que você quer encontrar BUSCAR Entrar 0 Entrega Home Alimentos Básico da Despensa Grãos e Cereais Arroz Formas de parcelamento Arroz Branco Tipo 1 Qualitá Pacote 5kg Cód.: 6009199 R$ 22,49 Preço por 1kg - R$ 4,49 Comprar Calcular o frete e prazo: OK Descrição do produto Ingredientes: Arroz. NÃO CONTÉM GLÚTEN. Elaboração Volume 5kg Informações Adicionais Corante Não Contém Glúten Não Contém Soja Pode Conter Possui Informações Nutricionais Sim Produto Orgânico Não Característica Geral Cor Branco Marca Qualitá Altura (cm) 37.8 Largura (cm) 26 Conversão Unidade 11 Peso Bruto 5.026 Nome da Medida Principal Peso LíquidoPeso Líquido Peso Líquido 5 Profundidade (cm) 9 Quantidade de Unidades 1 Tipo 2 Tipo 1 Unid. Quantidade UN Unid. Peso Bruto KG Aromatizante Não Contém Unid. Peso Líquido KG Outros Nome Principal do Item Arroz Tabela nutricional Informação Nutricional Porção de 50g|Quantidade por porção|%VD* ITEM QTDE. POR PORÇÃO VALORES DIÁRIOS Valor Energético 171kcal 9 Fibra alimentar 0,8g 3 Carboidratos 39g 13 Proteínas 3,7g 5 (*) Valores Diários de Referência com base em uma dieta de 2.000 calorias ou 8.400 Kj. (**) Valor Não Estabelecido. baixe o app Institucional Quem somos Trabalhe Conosco Política de Privacidade e Termos de Uso Termos Buscados Heineken Vinhos Cervejas Fraldas Categorias Alimentos Bebidas Limpeza Descartáveis Bebê e Criança Perfumaria PetShop Baza",,22.49,,,,unknown,
Bebidas,"Bebidas Cervejas Cervejas Tradicionais Cerveja Munich Helles Puro Malte Spaten Garrafa 33... Cerveja Munich Helles Puro Malte Spaten Garrafa 330ml Marca: Spaten - Cod: 333120521 R$ 5,59 Condições de pagamento Adicionar ao Carrinho Essa compra destrava cashback! Saiba mais Condições de pagamento Produtos Patrocinados Patrocinado Vodka Smirnoff 600ml R$ 23,90 -15% R$ 20,29 Adicionar Patrocinado Vodka Cîroc 750ml R$ 199,90 -18% R$ 163,89 Adicionar Patrocinado Vodka Destilada Smirnoff Garrafa 998ml R$ 36,90 -18% R$ 30,29 Adicionar Patrocinado Vodka Destilada Smirnoff Garrafa 1,75L R$ 54,90 -18% R$ 44,99 Adicionar Descrição do Produto Experimente a Cerveja Munich Helles Puro Malte Spaten Garrafa 330ml Especificações Técnicas Ingredientes:Água, malte e lúpulo. Dimensões e Peso Peso aproximado do produto sem embalagem 330ml Importante SAC do Fornecedor 0800 725 0126 Itens Inclusos Cerveja Munich Helles Puro Malte Spaten Garrafa 330ml Observações Imagem meramente ilustrativa; Todas as informações divulgadas são de responsabilidade do fabricante/fornecedor; Prazo de Validade: Vide Impresso na Embalagem; A venda e o consumo de bebidas alcoólicas são proibidos para menores de 18 anos. Bebida alcoólica pode causar dependência química, e em excesso, provoca graves males à saúde. Beba com moderação.",,5.59,,,,unknown,
Bebidas,"Bebidas Refrigerantes Sem Açúcar Refrigerante Pepsi Black Garrafa 2L Refrigerante Pepsi Black Garrafa 2L Marca: Pepsi - Cod: 7572 R$ 8,49 Condições de pagamento Adicionar ao Carrinho Essa compra destrava cashback! Saiba mais Condições de pagamento Produtos Patrocinados Patrocinado Vodka Destilada Smirnoff Garrafa 998ml R$ 36,90 -18% R$ 30,29 Adicionar Patrocinado Vodka Destilada Smirnoff Garrafa 1,75L R$ 54,90 -18% R$ 44,99 Adicionar Patrocinado Vodka Smirnoff 600ml R$ 23,90 -15% R$ 20,29 Adicionar Patrocinado Vodka Cîroc 750ml R$ 199,90 -18% R$ 163,89 Adicionar Descrição do Produto Originalmente, a fórmula da Pepsi foi criada para fins medicinais. Mas seu sabor agradou tanto que o xarope começou a ser consumido simplesmente por prazer. Cinco anos mais tarde, a fórmula transformou-se em bebida e começou a ser comercializada. Hoje, a Pepsi é um refrigerante de cola com aroma natural, muito apreciado pelo sabor suave e pela refrescância. Especificações Técnicas Informações Nutricionais Sódio por 100g 11 mg Gorduras Saturadas por 100g 0 g Açúcar por 100g 0 g Proteínas por 100g 0 g Fibras por 100g 0 g Percentual de Frutas, Legumes, Verduras e Óleos Vegetais por 100g * Escala de Sódio Não significativo Escala de Gorduras Saturadas Não significativo Escala de Açúcar Não significativo Escala de Proteínas Não significativo Escala de Fibras Não significativo Escala de Frutas, Legumes, Verduras e Óleos Vegetais Não significativo Porção 200 ml Porção Equivalente 1 copo Calorias (Kcal) 0 kcal Carboidratos 0 g Valor Energético (KJ) 0 kj Sódio 22 mg Açúcar 0 g Unidade de medida do peso ml Considerar gordura adicionada Não Calorias por 100g 0 kcal Indicador Nutricional em número 2 Escala de Calorias Não Significativo Ingredientes Água gaseificada, cafeína, extrato de noz de cola, corante caramelo IV, aromatizante, acidulantes: ácido fosfórico e ácido cítrico e edulcorantes: aspartame (34,9mg/100ml) e acessulfame de potássio (9mg/100ml). Valores Diários de Carboidrato 0 Valores Diá",,8.49,,,,unknown,
Verifica tu identidad,Verifica tu identidad Mantén presionado el botón para confirmar que no eres un robot.,,,,,,unknown,
Especiais,"Especiais Meu Desconto Blog do Pão Perfumaria Orgânicos e Saudáveis Vinhos e Espumantes Cartões Pão de Açúcar Notícias do Pão Qualitá Flores e Presenteáveis Bebidas Destiladas Categorias Alimentos Bebidas Limpeza Descartáveis Bebê e Criança Perfumaria PetShop Bazar Têxtil Feito de Brasil Categorias Categorias Categorias Para aumentar ou reduzir a fonte, utilize os atalhos nativos do seu navegador: No windows CTRL + (para aumentar) e CTRL - (para diminuir) No macOS CMD + (para aumentar) e CMD - (para diminuir) Nossas Lojas Como Comprar Seguros Pão de Açúcar Cartões Pão de Açúcar Pão de Açúcar Mais 0 Digite o que você quer encontrar BUSCAR Entrar 0 Entrega Home Alimentos Básico da Despensa Cafés Café Torrado e Moído Formas de parcelamento Café Torrado e Moído a Vácuo Tradicional Caboclo Pacote 500g Cód.: 1914801 R$ 31,99 Preço por 1kg - R$ 63,98 Comprar Calcular o frete e prazo: OK Descrição do produto Ingredientes: Café torrado e moído. NÃO CONTÉM GLÚTEN. Elaboração Volume 500g Tipo Torrado e moído Informações Adicionais Corante Não Contém Glúten Não Contém Possui Informações Nutricionais Não Produto Diet Não Produto Light Não Produto Orgânico Não Característica Geral Cor Branco Marca Caboclo Sabor Tradicional Altura (cm) 18 Largura (cm) 10 Conversão Unidade 33 Informações de Conservação Após aberta, guarde esta embalagem bem fechada. Peso Bruto 514.4 Nome da Medida Principal Peso LíquidoPeso Líquido Peso Líquido 500 Profundidade (cm) 6.5 Quantidade de Unidades 1 Tipo de armazenagem Inodoro Temperatura Ambiente Tipo de armazenagem após aberto Resfriado Unid. Quantidade UN Unid. Peso Bruto G Aromatizante Não Contém Produto Descafeinado Não Unid. Peso Líquido G Outros Nome Principal do Item Café baixe o app Institucional Quem somos Trabalhe Conosco Política de Privacidade e Termos de Uso Termos Buscados Heineken Vinhos Cervejas Fraldas Categorias Alimentos Bebidas Limpeza Descartáveis Bebê e Criança Perfumaria PetShop Bazar Têxtil Feito de Brasil Mapa do site Mapa de c",,31.99,,,,unknown,
Bebidas,"Bebidas Cervejas Cervejas Tradicionais Cerveja Budweiser American Lager 330ml Long Neck Cerveja Budweiser American Lager 330ml Long Neck Marca: Budweiser - Cod: 15695 R$ 5,19 Condições de pagamento Adicionar ao Carrinho Essa compra destrava cashback! Saiba mais Condições de pagamento Produtos Patrocinados Patrocinado Vodka Destilada Smirnoff Garrafa 1,75L R$ 54,90 -18% R$ 44,99 Adicionar Descrição do Produto A cerveja Budweiser é uma American Larger que possui sabor leve, cor clara e aroma discreto. As lascas de Beechwood, madeira especial utilizada no processo de fermentação e maturação da Budweiser, conferem um sabor equilibrado, marcante no início e suave no final. Mesma receita americana desde 1876. Sua levedura própria garante o aroma frutal e a maior refrescância. Demora mais tempo para ser feita, maturada com madeira faia (beechwood). Isso aumenta a atuação das leveduras durante o processo de maturação. Harmonização: O sabor marcante no começo e suave no final de Budweiser pede que ela harmonize com hambúrguer clássico, presunto cozido e mix de castanhas. Avaliada como melhor sabor pelo consumidor de cerveja brasileiro. Especificações Técnicas Standard American Lager; Garrafa Longneck; Baixa fermentação Categoria de Gestão SUBCATEGORIA_KEY 91010110301 Importante Importante Imagem meramente ilustrativa A venda e o consumo de bebidas alcoólicas são proibidos para menores de 18 anos. Bebida Alcoólica pode causar dependência química, e em excesso, provoca graves males à saúde. Beba com Moderação. Itens Inclusos 1 Long Neck 330ml Observações Imagem meramente ilustrativa Prazo de Validade: Vide Impresso na Embalagem A venda e o consumo de bebidas alcoólicas são proibidos para menores de 18 anos. Bebida Alcoólica pode causar dependência química, e em excesso, provoca graves males à saúde.Beba com Moderação. Informações do Produto Harmonização Indicada Combina com petiscos como queijos leves, castanhas, amendoins e também com frutos do mar como camarão, lula, marisco",,5.19,,,,unknown,
Especiais,"Especiais Meu Desconto Blog do Pão Perfumaria Orgânicos e Saudáveis Vinhos e Espumantes Cartões Pão de Açúcar Notícias do Pão Qualitá Flores e Presenteáveis Bebidas Destiladas Categorias Alimentos Bebidas Limpeza Descartáveis Bebê e Criança Perfumaria PetShop Bazar Têxtil Feito de Brasil Categorias Categorias Categorias Para aumentar ou reduzir a fonte, utilize os atalhos nativos do seu navegador: No windows CTRL + (para aumentar) e CTRL - (para diminuir) No macOS CMD + (para aumentar) e CMD - (para diminuir) Nossas Lojas Como Comprar Seguros Pão de Açúcar Cartões Pão de Açúcar Pão de Açúcar Mais 0 Digite o que você quer encontrar BUSCAR Entrar 0 Entrega Home Alimentos Básico da Despensa Cafés Café Torrado e Moído Formas de parcelamento Café Torrado e Moído Tradicional Melitta Caixa 500g Cód.: 0561495 R$ 39,99 Preço por 1kg - R$ 79,98 Comprar Calcular o frete e prazo: OK Descrição do produto CAFE VACUO MELITA TRADICIONAL 500G Elaboração Volume 500g Tipo Torrado e moído Informações Adicionais Corante Não Contém Glúten Não Contém Lactose Não Contém Ovos Não Contém Soja Não Contém Contém Leite Não Contém Trigo Não Contém Possui Informações Nutricionais Sim Produto Diet Não Produto Light Não Produto Orgânico Não Produto Vegano Não Produto Zero Calorias Não Produto Zero Lactose Não Produto Sem Adição Açúcar Não Característica Geral Cor Branco Marca Melitta Sabor Tradicional Marca MELITTA Altura (cm) 18.3 Largura (cm) 11.1 Conversão Unidade 33 Informações de Conservação Após aberta, feche e guarde a embalagem para preservar melhor o seu café. Peso Bruto 538.7 Nome da Medida Principal Peso LíquidoPeso Líquido Peso Líquido 500 Profundidade (cm) 6.5 Quantidade de Unidades 1 Tipo de armazenagem Temperatura Ambiente Tipo de armazenagem após aberto Resfriado Unid. Quantidade UN Unid. Peso Bruto G Aromatizante Não Contém Produto Descafeinado Não Unid. Peso Líquido G Grau Intensidade 8 Outros Nome Principal do Item Café Tabela nutricional Porção de 4G - 1 colher de sopa rasa ITEM",,39.99,,,,unknown,
Açougue e Peixaria,"Açougue e Peixaria Aves Outras Carnes de Aves Frango de Padaria tradicional Seara Aprox. 1,4Kg Frango de Padaria tradicional Seara Aprox. 1,4Kg Marca: Seara - Cod: 310580559 R$ 23,50 R$ 16,79/kg Condições de pagamento Adicionar ao Carrinho Essa compra destrava cashback! Saiba mais Condições de pagamento Produtos Patrocinados Patrocinado Salsicha resfriada Seara Aprox. 1Kg R$ 15,59 R$ 15,59/kg Adicionar Patrocinado Salsicha hot dog Seara 500g R$ 13,29 Adicionar Descrição do Produto Não tem nada igual ao sabor de um frango de padaria. O Frango Inteiro Congelado Temperado Seara Frango de Padaria Aproximadamente 1,4 kg leva todo o sabor e cheirinho de domingo para todos os dias da semana. É macio e suculento, já vem temperado, pronto para ir do freezer para a air fryer ou forno. Especificações Técnicas Importante SAC do Fornecedor 0800 47 3031 Itens Inclusos 1 pacote de Frango Inteiro Congelado Temperado Seara Frango de Padaria Aproximadamente 1,4 kg Observações Imagem meramente ilustrativa; Todas as informações divulgadas são de responsabilidade do fabricante/fornecedor; Prazo de Validade: Vide Impresso na Embalagem Categoria de Gestão Mercadologia 02024370506",,23.50,,,,unknown,
Especiais,"Especiais Meu Desconto Blog do Pão Perfumaria Orgânicos e Saudáveis Vinhos e Espumantes Cartões Pão de Açúcar Notícias do Pão Qualitá Flores e Presenteáveis Bebidas Destiladas Categorias Alimentos Bebidas Limpeza Descartáveis Bebê e Criança Perfumaria PetShop Bazar Têxtil Feito de Brasil Categorias Categorias Categorias Para aumentar ou reduzir a fonte, utilize os atalhos nativos do seu navegador: No windows CTRL + (para aumentar) e CTRL - (para diminuir) No macOS CMD + (para aumentar) e CMD - (para diminuir) Nossas Lojas Como Comprar Seguros Pão de Açúcar Cartões Pão de Açúcar Pão de Açúcar Mais 0 Digite o que você quer encontrar BUSCAR Entrar 0 Entrega Home Alimentos Básico da Despensa Cafés Café Torrado e Moído Formas de parcelamento Café Torrado e Moído a Vácuo Tradicional Café do Ponto Pacote 500g Cód.: 0573382 R$ 39,99 Preço por 1kg - R$ 79,98 Comprar Calcular o frete e prazo: OK Descrição do produto Ingredientes: Café torrado e moído. NÃO CONTÉM GLÚTEN. Elaboração Volume 500g Tipo Torrado e moído Informações Adicionais Corante Não Contém Glúten Não Contém Lactose Não Contém Possui Informações Nutricionais Não Produto Diet Não Produto Light Não Produto Orgânico Não Produto Vegano Não Produto Zero Calorias Não Característica Geral Cor Branco Marca Café do Ponto Sabor Tradicional Altura (cm) 17.2 Largura (cm) 9.3 Conversão Unidade 33 Informações de Conservação Após aberta, guarde esta embalagem bem fechada. Peso Bruto 530 Nome da Medida Principal Peso LíquidoPeso Líquido Peso Líquido 500 Profundidade (cm) 6.1 Quantidade de Unidades 1 Tipo de armazenagem Inodoro Temperatura Ambiente Tipo de armazenagem após aberto Refrigerado Unid. Quantidade UN Unid. Peso Bruto G Aromatizante Não Contém Produto Descafeinado Não Unid. Peso Líquido G Grau Intensidade 9 Outros Nome Principal do Item Café baixe o app Institucional Quem somos Trabalhe Conosco Política de Privacidade e Termos de Uso Termos Buscados Heineken Vinhos Cervejas Fraldas Categorias Alimentos Bebidas Limpeza ",,39.99,,,,unknown,
Bebidas,"Bebidas Refrigerantes Tradicional Refrigerante Fanta Laranja 2L Refrigerante Fanta Laranja 2L Marca: Fanta - Cod: 4101 R$ 9,69 Condições de pagamento Adicionar ao Carrinho Essa compra destrava cashback! Saiba mais Condições de pagamento Produtos Patrocinados Patrocinado Vodka Destilada Smirnoff Garrafa 1,75L R$ 54,90 -18% R$ 44,99 Adicionar Descrição do Produto Especificações Técnicas Fonte de Vitamina C; Com suco de fruta; 25% menos açúcares; Não contém glúten Informações Nutricionais Sódio por 100g 31,5 mg Gorduras Saturadas por 100g 0 g Açúcar por 100g 7,5 g Proteínas por 100g 0 g Fibras por 100g 0 g Percentual de Frutas, Legumes, Verduras e Óleos Vegetais por 100g * Escala de Sódio Não significativo Escala de Gorduras Saturadas Não significativo Escala de Açúcar Médio Escala de Proteínas Não significativo Escala de Fibras Não significativo Escala de Frutas, Legumes, Verduras e Óleos Vegetais Não significativo Porção 200 ml Porção Equivalente 1 copo Calorias (Kcal) 62 kcal Carboidratos 15 g Valor Energético (KJ) 259 kj Sódio 63 mg Gorduras Saturadas 0 g Açúcar 15 g Unidade de medida do peso ml Considerar gordura adicionada Não Calorias por 100g 31 kcal Indicador Nutricional em número 5 Escala de Calorias Médio Ingredientes Água gaseificada, açúcar, sucos concentrados de laranja e maçã, vitamina C, reguladores de acidez ácido cítrico e citrato de sódio, aroma sintético idêntico ao natural, sequestrantes hexametafosfato de sódio e EDTA cálcio dissódico, conservadores benzoato de sódio e sorbato de potássio, edulcorantes sucralose (4,2mg) e acesulfame de potássio (3,2mg) por 100ml, corante artificial amarelo crepúsculo FCF. Valores Diários de Carboidrato 5 Valores Diários de Açúcar ** Gorduras Totais 0 g Valores Diários de Gorduras Totais 0 Valores Diários de Sódio 3 Vitamina C 6,8 mg Valores Diários de Vitamina C 15 Referência Valores Diários * % Valores Diários com base em uma dieta de 2000 kcal ou 8400 kj. Seus valores diários podem ser maiores ou menores depende",,9.69,,,,unknown,
Especiais,"Especiais Meu Desconto Blog do Pão Perfumaria Orgânicos e Saudáveis Vinhos e Espumantes Cartões Pão de Açúcar Notícias do Pão Qualitá Flores e Presenteáveis Bebidas Destiladas Categorias Alimentos Bebidas Limpeza Descartáveis Bebê e Criança Perfumaria PetShop Bazar Têxtil Feito de Brasil Categorias Categorias Categorias Para aumentar ou reduzir a fonte, utilize os atalhos nativos do seu navegador: No windows CTRL + (para aumentar) e CTRL - (para diminuir) No macOS CMD + (para aumentar) e CMD - (para diminuir) Nossas Lojas Como Comprar Seguros Pão de Açúcar Cartões Pão de Açúcar Pão de Açúcar Mais 0 Digite o que você quer encontrar BUSCAR Entrar 0 Entrega Home Alimentos Básico da Despensa Cafés Café Torrado e Moído Formas de parcelamento Café Torrado e Moído a Vácuo Tradicional Pilão Pacote 500g Cód.: 1914795 R$ 39,99 Preço por 1kg - R$ 79,98 Comprar Calcular o frete e prazo: OK Descrição do produto CAFE VACUO PILAO 500G Elaboração Volume 500g Tipo Torrado e moído Informações Adicionais Corante Não Contém Glúten Não Contém Lactose Não Contém Possui Informações Nutricionais Não Produto Diet Não Produto Light Não Produto Orgânico Não Produto Vegano Não Produto Zero Calorias Não Produto Sem Adição Açúcar Não Característica Geral Cor Branco Marca Pilão Sabor Tradicional Marca Pilão Altura (cm) 18.5 Largura (cm) 9.5 Conversão Unidade 33 Informações de Conservação Após aberto, manter a embalagem bem fechada. Peso Bruto 514.3 Nome da Medida Principal Peso LíquidoPeso Líquido Peso Líquido 500 Profundidade (cm) 6.5 Quantidade de Unidades 1 Tipo de armazenagem Temperatura Ambiente Fresco Seco Tipo de armazenagem após aberto Inodoro Unid. Quantidade UN Unid. Peso Bruto G Aromatizante Não Contém Produto Descafeinado Não Unid. Peso Líquido G Grau Intensidade 8 Outros Nome Principal do Item Café baixe o app Institucional Quem somos Trabalhe Conosco Política de Privacidade e Termos de Uso Termos Buscados Heineken Vinhos Cervejas Fraldas Categorias Alimentos Bebidas Limpeza Descartá",,39.99,,,,unknown,
Especiais,"Especiais Meu Desconto Blog do Pão Perfumaria Orgânicos e Saudáveis Vinhos e Espumantes Cartões Pão de Açúcar Notícias do Pão Qualitá Flores e Presenteáveis Bebidas Destiladas Categorias Alimentos Bebidas Limpeza Descartáveis Bebê e Criança Perfumaria PetShop Bazar Têxtil Feito de Brasil Categorias Categorias Categorias Para aumentar ou reduzir a fonte, utilize os atalhos nativos do seu navegador: No windows CTRL + (para aumentar) e CTRL - (para diminuir) No macOS CMD + (para aumentar) e CMD - (para diminuir) Nossas Lojas Como Comprar Seguros Pão de Açúcar Cartões Pão de Açúcar Pão de Açúcar Mais 0 Digite o que você quer encontrar BUSCAR Entrar 0 Entrega Home Alimentos Básico da Despensa Cafés Café Torrado e Moído Formas de parcelamento Café Torrado e Moído Delicado L'or Torras Gourmet Sachê 250g Cód.: 1275439 R$ 27,99 Preço por 100g - R$ 11,19 Comprar Calcular o frete e prazo: OK Informações Adicionais Corante Não Contém Glúten Não Contém Possui Informações Nutricionais Não Produto Diet Não Produto Light Não Produto Orgânico Não Produto Vegano Não Produto Zero Açúcar Não Produto Zero Calorias Não Característica Geral Cor Branco Marca LOr Sabor Delicado Altura (cm) 20.5 Largura (cm) 17.5 Conversão Unidade 3 Peso Bruto 283 Nome da Medida Principal Peso LíquidoPeso Líquido Peso Líquido 250 Profundidade (cm) 8 Quantidade de Unidades 1 Tipo de armazenagem Temperatura Ambiente Unid. Quantidade UN Unid. Peso Bruto G Aromatizante Não Contém Produto Descafeinado Não Unid. Peso Líquido G Grau Intensidade 1/3 Outros Nome Principal do Item Café baixe o app Institucional Quem somos Trabalhe Conosco Política de Privacidade e Termos de Uso Termos Buscados Heineken Vinhos Cervejas Fraldas Categorias Alimentos Bebidas Limpeza Descartáveis Bebê e Criança Perfumaria PetShop Bazar Têxtil Feito de Brasil Mapa do site Mapa de categorias Mapa de produtos Mapa de lojas Central de Atendimento 0800 779 6761 Meus Pedidos Encontre uma Loja Formas de Pagamento Trocas e devoluções Dúvidas Frequ",,27.99,,,,unknown,
Açougue e Peixaria,"Açougue e Peixaria Aves Filé Filé de Peito de Frango Congelado sem Osso Perdigã... Filé de Peito de Frango Congelado sem Osso Perdigão 1Kg - Sassami Marca: Perdigão - Cod: 6143 R$ 21,99 Condições de pagamento Adicionar ao Carrinho Essa compra destrava cashback! Saiba mais Condições de pagamento Produtos Patrocinados Patrocinado Salsicha resfriada Seara Aprox. 1Kg R$ 15,59 R$ 15,59/kg Adicionar Patrocinado Salsicha hot dog Seara 500g R$ 13,29 Adicionar Descrição do Produto O Filezinho Perdigão, conhecido também como Sassami, é o corte mais nobre do frango. É como se fosse um filé mignon, pois é muito macio e suculento. Inclusive, possui um formato bem parecido com famoso corte bovino. O Filezinho Perdigão é congelado in natura, sem uso de hormônios, como estabelece a legislação brasileira. Eles podem ser preparados de diversas formas: grelhado, empanado, assado e gratinado. Você pode usar frigideira, forno e, até mesmo, churrasqueira. Fica uma delícia! Para acompanhar, um molho suave é o ideal. Em relação às guarnições, vegetais grelhados, purê ou salada fazem uma combinação mais light. Ficou com água na boca? Então aproveite e leve para casa a embalagem de 1kg aqui no Carrefour! Especificações Técnicas Rico em proteína; Sem gordura trans; Não contém glútem Categoria de Gestão SUBCATEGORIA_KEY 92024370506 Importante Itens Inclusos 1 Pacote de Filé de Frango Perdigão 1Kg",,21.99,,,,unknown,
Especiais,"Especiais Meu Desconto Blog do Pão Perfumaria Orgânicos e Saudáveis Vinhos e Espumantes Cartões Pão de Açúcar Notícias do Pão Qualitá Flores e Presenteáveis Bebidas Destiladas Categorias Alimentos Bebidas Limpeza Descartáveis Bebê e Criança Perfumaria PetShop Bazar Têxtil Feito de Brasil Categorias Categorias Categorias Para aumentar ou reduzir a fonte, utilize os atalhos nativos do seu navegador: No windows CTRL + (para aumentar) e CTRL - (para diminuir) No macOS CMD + (para aumentar) e CMD - (para diminuir) Nossas Lojas Como Comprar Seguros Pão de Açúcar Cartões Pão de Açúcar Pão de Açúcar Mais 0 Digite o que você quer encontrar BUSCAR Entrar 0 Entrega Home Alimentos Padaria Padaria Industrializada Pães Formas de parcelamento Pão de Forma Tradicional Pullman 480g Cód.: 3796832 R$ 9,99 Preço por 100g - R$ 2,08 Comprar Calcular o frete e prazo: OK Descrição do produto Versátil, prático e para qualquer momento, trazendo a energia necessária para o seu dia. Perfeito para sanduíches, torradas, receitas para o café da manhã, café da tarde, almoço e jantar. Elaboração Volume 500g Informações Adicionais Corante Não Contém Glúten Contém Lactose Não Contém Ovos Pode Conter Soja Pode Conter Contém Leite Pode Conter Nozes Pode Conter Castanha de Cajú Pode Conter Castanha do Brasil/Pará Pode Conter Centeio Pode Conter Cevada Pode Conter Conservantes Contém Trigo Pode Conter Triticale Pode Conter Possui Informações Nutricionais Sim Produto Diet Não Produto Integral Não Produto Light Não Produto Orgânico Não Produto Vegano Não Produto Vegetariano Não Produto Zero Calorias Não Produto Zero Colesterol Sim Produto Sem Adição Açúcar Não Característica Geral Cor Branco Marca Pullman Sabor Tradicional Ingredientes Farinha de trigo fortificada com ferro e ácido fólico, açúcar, óleo vegetal de soja, glúten, sal, vinagre, cloreto de potássio, emulsificantes: mono e diglicerídeos de ácidos graxos, diacetil tartarato de mono e diglicerídeos, estearoil-2-lactil lactato de cálcio e polisorba",,9.99,,,,unknown,
Verifica tu identidad,Verifica tu identidad Mantén presionado el botón para confirmar que no eres un robot.,,,,,,unknown,
Açougue e Peixaria,"Açougue e Peixaria Aves Filé Filé de Peito de Frango Congelado Korin Boa Pedida... Filé de Peito de Frango Congelado Korin Boa Pedida 700g Marca: Korin - Cod: 328829370 Este produto não está disponível no momento Descrição do Produto Compre hoje mesmo o Filé de Peito de Frango Congelado Korin Boa Pedida 700g Especificações Técnicas Formato: Filé de Peito; País: Brasil Importante SAC do Fornecedor (19) 2660-3221/Whatsapp: (11) 98373-9958 Itens Inclusos Filé de Peito de Frango Congelado sem Osso Korin Boa Pedida 700g Observações Imagem meramente ilustrativa; Todas as informações divulgadas são de responsabilidade do fabricante/fornecedor; Prazo de Validade: Vide Impresso na Embalagem. Filé de Peito Informações Nutricionais Ingredientes Frango in natura. Dimensões e Peso Peso aproximado do produto sem embalagem 700g Características do Produto Linha Boa Pedida Informações do Produto Recomendações de Conservação Conservação doméstica: Embalagem fechada: Freezer: (-12 °C ou mais frio). Congelador: (-11 °C a -8°C). Refrigerador: (0°C a 4°C). Uma vez descongelado, este produto não deve ser congelado novamente.",,,,,,unknown,
Especiais,"Especiais Meu Desconto Blog do Pão Perfumaria Orgânicos e Saudáveis Vinhos e Espumantes Cartões Pão de Açúcar Notícias do Pão Qualitá Flores e Presenteáveis Bebidas Destiladas Categorias Alimentos Bebidas Limpeza Descartáveis Bebê e Criança Perfumaria PetShop Bazar Têxtil Feito de Brasil Categorias Categorias Categorias Para aumentar ou reduzir a fonte, utilize os atalhos nativos do seu navegador: No windows CTRL + (para aumentar) e CTRL - (para diminuir) No macOS CMD + (para aumentar) e CMD - (para diminuir) Nossas Lojas Como Comprar Seguros Pão de Açúcar Cartões Pão de Açúcar Pão de Açúcar Mais 0 Digite o que você quer encontrar BUSCAR Entrar 0 Entrega Home Alimentos Padaria Padaria Industrializada Pães Formas de parcelamento Pão de Forma Panco Premium Pacote 500g Cód.: 1161717 R$ 9,99 Preço por 100g - R$ 1,99 Comprar Calcular o frete e prazo: OK Descrição do produto Ingredientes: Farinha de trigo enriquecida com ferro e ácido fólico, açúcar, gordura vegetal, sal refinado, glúten, soro de leite em pó, conservador propionato de cálcio, estabilizantes lecitina de soja e estearoil 2 - lactil lactato de cálcio e acidulante ácido ascórbico. CONTÉM GLÚTEN. Elaboração Volume 500g Informações Adicionais Glúten Contém Lactose Contém Ovos Pode Conter Soja Pode Conter Contém Leite Pode Conter Cevada Pode Conter Conservantes Contém Trigo Contém Triticale Pode Conter Possui Informações Nutricionais Sim Produto Diet Não Produto Integral Não Produto Light Não Produto Orgânico Não Produto Zero Gordura Trans Sim Soro de Leite Contém Característica Geral Cor Branco Marca Panco Ingredientes Farinha de trigo enriquecida com ferro e ácido fólico, açúcar, gordura vegetal, sal refinado, glúten de trigo, soro de leite em pó, conservadores propionato de cálcio e sorbato de potássio, emulsificantes lecitina de soja e estearoil-2-lactil lactado de cálcio e antioxidante ácido ascórbico. Altura (cm) 29 Largura (cm) 10.4 Conversão Unidade 3 Informações de Conservação Após cada consumo, manter ",,9.99,,,,unknown,
Açougue e Peixaria,"Açougue e Peixaria Aves Outras Carnes de Aves Coxinha da Asa de Frango IQF Lar 700g Coxinha da Asa de Frango IQF Lar 700g Marca: Lar - Cod: 324835424 R$ 15,79 Condições de pagamento Adicionar ao Carrinho Essa compra destrava cashback! Saiba mais Condições de pagamento Produtos Patrocinados Patrocinado Salsicha resfriada Seara Aprox. 1Kg R$ 15,59 R$ 15,59/kg Adicionar Patrocinado Salsicha hot dog Seara 500g R$ 13,29 Adicionar Descrição do Produto Experimente a deliciosa Coxinha da Asa de Frango IQF da marca Lar. Especificações Técnicas Tipo de Corte de Frango: COXINHA / Apresentação: Congelado Dimensões e Peso Peso aproximado do produto sem embalagem 700g Importante SAC do Fornecedor 0800 045 8800 Itens Inclusos Coxinha da Asa de Frango IQF Lar 700g Observações Imagem meramente ilustrativa; Todas as informações divulgadas são de responsabilidade do fabricante/fornecedor; Prazo de Validade: Vide Impresso na Embalagem.",,15.79,,,,unknown,
Especiais,"Especiais Meu Desconto Blog do Pão Perfumaria Orgânicos e Saudáveis Vinhos e Espumantes Cartões Pão de Açúcar Notícias do Pão Qualitá Flores e Presenteáveis Bebidas Destiladas Categorias Alimentos Bebidas Limpeza Descartáveis Bebê e Criança Perfumaria PetShop Bazar Têxtil Feito de Brasil Categorias Categorias Categorias Para aumentar ou reduzir a fonte, utilize os atalhos nativos do seu navegador: No windows CTRL + (para aumentar) e CTRL - (para diminuir) No macOS CMD + (para aumentar) e CMD - (para diminuir) Nossas Lojas Como Comprar Seguros Pão de Açúcar Cartões Pão de Açúcar Pão de Açúcar Mais 0 Digite o que você quer encontrar BUSCAR Entrar 0 Entrega Home Alimentos Padaria Padaria Industrializada Pães Formas de parcelamento Pão De Forma SEVEN BOYS Pacote 450g Cód.: 3738542 R$ 8,59 Preço por 100g - R$ 1,90 Comprar Calcular o frete e prazo: OK Descrição do produto Ingredientes: Farinha de trigo enriquecida com ferro e ácido fólico, açúcar, gordura vegetal de palma, sal, emulcificantes mono e diglicerídios de ácidos graxos, estearoil -2-lactil lactato de sódio e lecitina de soja e conservante: propionato de cálcio. CONTÉM GLÚTEN. Elaboração Volume 500g Informações Adicionais Corante Não Contém Glúten Contém Lactose Não Contém Ovos Pode Conter Soja Pode Conter Macadâmias Pode Conter Farro Pode Conter Contém Leite Pode Conter Nozes Pode Conter Castanha de Cajú Pode Conter Castanha do Brasil/Pará Pode Conter Pecãs Pode Conter Pistaches Pode Conter Centeio Pode Conter Cevada Pode Conter Conservantes Contém Freekeh Pode Conter Trigo Pode Conter Triticale Pode Conter Possui Informações Nutricionais Sim Produto Diet Não Produto Integral Não Produto Light Não Produto Orgânico Não Produto Vegano Não Produto Vegetariano Não Produto Zero Calorias Não Espelta Pode Conter Característica Geral Cor Branco Marca Seven Boys Ingredientes Farinha de trigo enriquecida com ferro e ácido fólico, açúcar, óleo de soja, sal, glúten, sal hipossódico e conservadores propionato de cálcio e so",,8.59,,,,unknown,
Mercearia,"Mercearia Açúcar e Adoçante Açúcar Açúcar Refinado União 1kg Açúcar Refinado União 1kg Marca: União Mundial - Cod: 2406 R$ 4,88 Condições de pagamento Adicionar ao Carrinho Essa compra destrava cashback! Saiba mais Condições de pagamento Produtos Patrocinados Patrocinado Cookie de Baunilha com Cobertura de Chocolate Bauducco Maxi 96g R$ 5,49 -9% R$ 4,99 Adicionar Descrição do Produto O Açúcar Refinado União é tradicionalmente mais branquinho e fininho, dissolve rápido nas suas receitas! Ideal para doces, misturas e sobremesas. O açúcar é a forma mais rápida de fornecer glicose para o corpo. Esse componente é essencial para o funcionamento do cérebro, da retina e dos rins. A glicose ainda auxilia na proliferação das Bifidobactérias e dos Lactobacillus sp. Essas bactérias compõem a flora intestinal e contribuem para a eliminação de bactérias nocivas como a Escherichia coli e o Clostridium. Sem contar que o açúcar é uma importante fonte de cálcio, fósforo, ferro, cloro, potássio, sódio, magnésio e de vitaminas do complexo B. Porém, é recomendado consumir com moderação para evitar o excesso de glicose no sangue. Aproveite e compre Açúcar Refinado União aqui no Carrefour. Características do produto: Tradicionalmente mais branquinho e fininho Dissolve rápido nas receitas Ideal para doces, misturas e sobremesas Fonte de glicose, cálcio, fósforo, ferro, cloro, potássio, sódio, magnésio e vitaminas do complexo B Especificações Técnicas Mais fininho; Rico em glicose; Vitaminas do Complexo B; Fonte de Minerais Importante SAC do Fornecedor 0800 132 027 Itens Inclusos 1 Pacote de Açúcar Refinado União 1Kg Observações Imagem meramente ilustrativa Todas as informações divulgadas são de responsabilidade do fabricante/fornecedor Prazo de Validade: Vide Impresso na Embalagem Categoria de Gestão SUBCATEGORIA_KEY 91014450302",,4.88,,,,unknown,
Especiais,"Especiais Meu Desconto Blog do Pão Perfumaria Orgânicos e Saudáveis Vinhos e Espumantes Cartões Pão de Açúcar Notícias do Pão Qualitá Flores e Presenteáveis Bebidas Destiladas Categorias Alimentos Bebidas Limpeza Descartáveis Bebê e Criança Perfumaria PetShop Bazar Têxtil Feito de Brasil Categorias Categorias Categorias Para aumentar ou reduzir a fonte, utilize os atalhos nativos do seu navegador: No windows CTRL + (para aumentar) e CTRL - (para diminuir) No macOS CMD + (para aumentar) e CMD - (para diminuir) Nossas Lojas Como Comprar Seguros Pão de Açúcar Cartões Pão de Açúcar Pão de Açúcar Mais 0 Digite o que você quer encontrar BUSCAR Entrar 0 Entrega Home Alimentos Padaria Padaria Industrializada Pães Formas de parcelamento Pão de Forma Wickbold Do Forno 100% Nutrição Pacote 500g Cód.: 1180400 R$ 14,29 Preço por 1kg - R$ 28,58 Comprar Calcular o frete e prazo: OK Informações Adicionais Corante Não Contém Glúten Contém Lactose Não Contém Ovos Pode Conter Soja Pode Conter Macadâmias Pode Conter Farro Pode Conter Contém Leite Pode Conter Nozes Pode Conter Castanha de Cajú Pode Conter Castanha do Brasil/Pará Pode Conter Pecãs Pode Conter Pistaches Pode Conter Centeio Pode Conter Cevada Pode Conter Conservantes Contém Freekeh Pode Conter Trigo Pode Conter Triticale Pode Conter Possui Informações Nutricionais Sim Produto Diet Não Produto Integral Sim Produto Light Não Produto Orgânico Não Produto Vegano Sim Produto Vegetariano Não Produto Zero Calorias Não Soro de Leite Não Contém Produto Sem Adição Açúcar Não Espelta Pode Conter Característica Geral Cor Branco Marca Wickbold Ingredientes Farinha de trigo integral, glúten, óleo de soja, açúcar mascavo, sal, farinha de centeio e conservadores propionato de cálcio e ácido sórbico. Altura (cm) 19 Largura (cm) 11 Conversão Unidade 33 Peso Bruto 505 Nome da Medida Principal Peso LíquidoPeso Líquido Peso Líquido 500 Profundidade (cm) 8.5 Quantidade de Unidades 1 Tipo de armazenagem Fresco Arejado Temperatura Ambiente Limpo ",,14.29,,,,unknown,
Mercearia,"Mercearia Açúcar e Adoçante Açúcar Açúcar Cristal Orgânico Native 1Kg Açúcar Cristal Orgânico Native 1Kg Marca: Native - Cod: 6174 R$ 10,19 Condições de pagamento Adicionar ao Carrinho Essa compra destrava cashback! Saiba mais Condições de pagamento Descrição do Produto Se você está procurando um jeito de fazer bolos e sobremesas deliciosas e preservar a saúde de toda a família, não há opção melhor no mercado do que o Açúcar Cristal Orgânico 1Kg, da Native. Além de ser produzido 100 % de forma natural sem o uso de produtos químicos, ele tem como diferencial estar sempre fresco e pronto para ser servido a qualquer momento. Indicado para uso culinário. Especificações Técnicas Conservar em local fresco e arejado; Sem glúten; Produto nacional; Açúcar cristal orgânico com 1Kg Categoria de Gestão SUBCATEGORIA_KEY 91014372301 Importante Itens Inclusos 1 Pacote de Açúcar Cristal Native Orgânico Claro 1Kg Observações Imagem meramente ilustrativa Prazo de Validade: Vide Impresso na Embalagem Todas as informações divulgadas são de responsabilidade do fabricante/fornecedor Características do Produto Preferência de Consumo Orgânico",,10.19,,,,unknown,
Especiais,"Especiais Meu Desconto Blog do Pão Perfumaria Orgânicos e Saudáveis Vinhos e Espumantes Cartões Pão de Açúcar Notícias do Pão Qualitá Flores e Presenteáveis Bebidas Destiladas Categorias Alimentos Bebidas Limpeza Descartáveis Bebê e Criança Perfumaria PetShop Bazar Têxtil Feito de Brasil Categorias Categorias Categorias Para aumentar ou reduzir a fonte, utilize os atalhos nativos do seu navegador: No windows CTRL + (para aumentar) e CTRL - (para diminuir) No macOS CMD + (para aumentar) e CMD - (para diminuir) Nossas Lojas Como Comprar Seguros Pão de Açúcar Cartões Pão de Açúcar Pão de Açúcar Mais 0 Digite o que você quer encontrar BUSCAR Entrar 0 Entrega Home Alimentos Padaria Padaria Industrializada Pães Formas de parcelamento Pão de Forma Tradicional Qualitá Pacote 400g Cód.: 1392150 R$ 6,29 R$ 7,39 -14% Comprar Calcular o frete e prazo: OK Característica Geral Cor Prata Marca 1 Quantidade de Unidades 1 Tipo de armazenagem Fresco Longe de Produtos Químicos Ao Abrigo do Sol Seco Temperatura Ambiente baixe o app Institucional Quem somos Trabalhe Conosco Política de Privacidade e Termos de Uso Termos Buscados Heineken Vinhos Cervejas Fraldas Categorias Alimentos Bebidas Limpeza Descartáveis Bebê e Criança Perfumaria PetShop Bazar Têxtil Feito de Brasil Mapa do site Mapa de categorias Mapa de produtos Mapa de lojas Central de Atendimento 0800 779 6761 Meus Pedidos Encontre uma Loja Formas de Pagamento Trocas e devoluções Dúvidas Frequentes Nossos canais facebook instagram youtube twitter baixe o app A VENDA E O CONSUMO DE BEBIDAS ALCOÓLICAS SÃO PROIBIDOS PARA MENORES DE 18 ANOS. BEBIDA ALCOÓLICA PODE CAUSAR DEPENDÊNCIA QUÍMICA E, EM EXCESSO, PROVOCA GRAVES MALES À SAÚDE. BEBA COM MODERAÇÃO. Preços, ofertas e condições exclusivas para internet e válidos durante o dia de hoje, podendo sofrer alterações sem prévia notificação. No caso de faltar algum produto, este não será entregue e o valor correspondente não será cobrado. Cia. Brasileira de Distribuição / CNPJ: 4750841",,6.29,,,,unknown,
Página não encontrada,Página não encontrada A página que você está procurando não existe. Voltar à Home ;,,,,,,unknown,
Especiais,"Especiais Meu Desconto Blog do Pão Perfumaria Orgânicos e Saudáveis Vinhos e Espumantes Cartões Pão de Açúcar Notícias do Pão Qualitá Flores e Presenteáveis Bebidas Destiladas Categorias Alimentos Bebidas Limpeza Descartáveis Bebê e Criança Perfumaria PetShop Bazar Têxtil Feito de Brasil Categorias Categorias Categorias Para aumentar ou reduzir a fonte, utilize os atalhos nativos do seu navegador: No windows CTRL + (para aumentar) e CTRL - (para diminuir) No macOS CMD + (para aumentar) e CMD - (para diminuir) Nossas Lojas Como Comprar Seguros Pão de Açúcar Cartões Pão de Açúcar Pão de Açúcar Mais 0 Digite o que você quer encontrar BUSCAR Entrar 0 Entrega Home Bebidas Não Alcoólicas Refrigerantes Cola Formas de parcelamento Refrigerante Coca-Cola Original Garrafa 1,5l Cód.: 4493457 R$ 10,99 Preço por 1L - R$ 7,32 Comprar Calcular o frete e prazo: OK Descrição do produto Com sabor inconfundível e único, a Coca-Cola Original é o refrigerante mais tradicional e consumido no mundo inteiro! Toda Coca-Cola Original é produzida especialmente para manter sempre a qualidade do melhor sabor de refrigerante! É perfeita para compartilhar os melhores momentos da vida com amigos e familiares! Elaboração Volume 1,5 Litros Informações Adicionais Corante Natural Glúten Não Contém Lactose Não Contém Fenilalanina Não Contém Conservantes Contém Possui Informações Nutricionais Sim Produto Diet Não Produto Light Não Produto Orgânico Não Produto Vegano Não Produto Zero Calorias Não Produto Sem Adição Açúcar Não Característica Geral Cor Branco Marca Coca-Cola Sabor Cola Original Ingredientes Água gaseificada, açúcar, extrato de noz de cola, cafeína, corante caramelo IV, acidulante ácido fosfórico e aroma natural. Marca Coca Cola Altura (cm) 32.4 Largura (cm) 9.3 Conteúdo Líquido 1.5 Conversão Unidade 5 Informações de Conservação Não congelar. Peso Bruto 1.6 Nome da Medida Principal Conteúdo LiquidoConteúdo Liquido Profundidade (cm) 9.3 Quantidade de Unidades 1 Tipo de armazenagem Ao Abrigo ",,10.99,,,,unknown,
¿Qué estás buscando?,"¿Qué estás buscando? Ingresar Supermercado Despensa Tortilleria y pan empacados Pan Bimbo Blanco 620g Bimbo Cargando comentarios… Pan Bimbo Blanco 620g Pan Bimbo Blanco 620g Referencia : 3817240 Información Llénate de energía todos los días gracias a Pan blanco Bimbo. Hecho con cereales y vitaminas que te ayudarán a tener una alimentación balanceada. Las imágenes del producto son únicamente de referencia, el diseños de etiquetas y el contenido (ml, L, Kg, g, piezas, etc) pueden cambiar y/o variar sin previo aviso. Mostrar más Comparte Vendido y entregado por: Chedraui Descripción Especificaciones Es una opción ideal para preparar un sándwich en cualquier momento del día, ya sea para ti o para compartir con toda la familia, puedes combinarlo con tus ingredientes favoritos y así disfrutar de tus diferentes recetas y creaciones únicas. Ahora con una rebanada más grande y corteza brillada. Sin jarabe de alta fructosa. Hazlo como quieras. haz sándwich. Productos relacionados Pan Blanco Bimbo 460g Bimbo $0.00 1 pieza de 460g Combo Cantidad Máxima Equivale a ≈1 pza 3x2 Pan Bimbo Bimbuñuelos 99g Bimbo $0.00 1 pieza de 99g Combo Cantidad Máxima Equivale a ≈1 pza 3x2 Pan Bimbo Cero Cero Sin Harinas 680g Bimbo $0.00 1 pieza de 680g Combo Cantidad Máxima Equivale a ≈1 pza 3x2 Pan Bimbo Molido Fino 210g Bimbo $0.00 Combo Cantidad Máxima Equivale a ≈1 pza 3x2 Pan Bimbo Tostado 210g Bimbo $0.00 1 pieza de 210g Combo Cantidad Máxima Equivale a ≈1 pza 3x2 Pan Blanco Bimbo Chico 360g Bimbo $0.00 360 g Combo Cantidad Máxima Equivale a ≈1 pza 3x2 Pan Bimbo Molido 400g Bimbo $0.00 1 pieza de 400g Combo Cantidad Máxima Equivale a ≈1 pza 3x2 Pan Blanco Bonybon 670g Bonybon $0.00 670 g Combo Cantidad Máxima Equivale a ≈1 pza 3x2 Pan Bimbo Bollo 498g Bimbo $0.00 1 pz de 498g Combo Cantidad Máxima Equivale a ≈1 pza 3x2 Pan Bimbo Artesano Multi 610g Bimbo $0.00 1 pieza de 610g Combo Cantidad Máxima Equivale a ≈1 pza 3x2 Pan Bimbo Molido 100g Bimbo $0.00 Combo Cantidad Máxima Equivale a ≈1 pza",,000,,,,unknown,
Verifica tu identidad,Verifica tu identidad Mantén presionado el botón para confirmar que no eres un robot.,,,,,,unknown,
Mercearia,"Mercearia Açúcar e Adoçante Açúcar Açúcar Refinado Carrefour 1kg Açúcar Refinado Carrefour 1kg Marca: Carrefour - Cod: 17755 R$ 4,19 Condições de pagamento Adicionar ao Carrinho Essa compra destrava cashback! Saiba mais Condições de pagamento Descrição do Produto Especificações Técnicas Branquinho e fininho; Rico em glicose; Vitaminas e minerais Importante Itens Inclusos 1 Pacote de Açúcar 1kg Categoria de Gestão SUBCATEGORIA_KEY 91014450302",,4.19,,,,unknown,
Especiais,"Especiais Meu Desconto Blog do Pão Perfumaria Orgânicos e Saudáveis Vinhos e Espumantes Cartões Pão de Açúcar Notícias do Pão Qualitá Flores e Presenteáveis Bebidas Destiladas Categorias Alimentos Bebidas Limpeza Descartáveis Bebê e Criança Perfumaria PetShop Bazar Têxtil Feito de Brasil Categorias Categorias Categorias Para aumentar ou reduzir a fonte, utilize os atalhos nativos do seu navegador: No windows CTRL + (para aumentar) e CTRL - (para diminuir) No macOS CMD + (para aumentar) e CMD - (para diminuir) Nossas Lojas Como Comprar Seguros Pão de Açúcar Cartões Pão de Açúcar Pão de Açúcar Mais 0 Digite o que você quer encontrar BUSCAR Entrar 0 Entrega Home Bebidas Não Alcoólicas Refrigerantes Demais Refrigerantes Formas de parcelamento Refrigerante Laranja Fanta Garrafa 600ml Cód.: 0160070 R$ 4,49 R$ 5,59 -19% Comprar Calcular o frete e prazo: OK Descrição do produto Com sabor irresistível e único, o Refrigerante FANTA Laranja faz muito sucesso no mercado entre os refrigerantes nacionais e internacionais. Produzido com água gaseificada, açúcar e suco de laranja é uma excelente opção para matar a sede! Compre Refrigerante FANTA Laranja Garrafa e experimente esse sabor inconfundível! Compartilhe com amigos e familiares! Elaboração Volume 600ml Informações Adicionais Corante Artificial Glúten Não Contém Lactose Não Contém Conservantes Contém Possui Informações Nutricionais Sim Produto Diet Não Produto Light Não Produto Orgânico Não Produto Vegano Não Produto Zero Calorias Não Produto Sem Adição Açúcar Não Característica Geral Cor Branco Marca Fanta Sabor Laranja Ingredientes Água gaseificada, açúcar, sucos concentrados de laranja e maçã, vitamina C, reguladores de acidez ácido cítrico e citrato de sódio, aroma sintético idêntico ao natural, sequestrantes hexametafosfato de sódio e EDTA cálcio dissódico, conservadores benzoato de sódio e sorbato de potássio, edulcorantes sucralose (4,2mg) e acesulfame de potássio (3,2mg) por 100ml, corante artificial amarelo crepúscu",,4.49,,,,unknown,
Mercearia,"Mercearia Açúcar e Adoçante Açúcar Açúcar Cristal Orgânico Itajá 500g Açúcar Cristal Orgânico Itajá 500g Marca: Itajá - Cod: 8389 R$ 4,99 Condições de pagamento Adicionar ao Carrinho Essa compra destrava cashback! Saiba mais Condições de pagamento Descrição do Produto Especificações Técnicas Importante SAC do Fornecedor (62) 3389 9034 Itens Inclusos 1 Açúcar Cristal Orgânico Itajá 500g Observações Imagem meramente ilustrativa Prazo de Validade: Vide Impresso na Embalagem Características do Produto Preferência de Consumo Orgânico Categoria de Gestão SUBCATEGORIA_KEY 91014372301",,4.99,,,,unknown,
Especiais,"Especiais Meu Desconto Blog do Pão Perfumaria Orgânicos e Saudáveis Vinhos e Espumantes Cartões Pão de Açúcar Notícias do Pão Qualitá Flores e Presenteáveis Bebidas Destiladas Categorias Alimentos Bebidas Limpeza Descartáveis Bebê e Criança Perfumaria PetShop Bazar Têxtil Feito de Brasil Categorias Categorias Categorias Para aumentar ou reduzir a fonte, utilize os atalhos nativos do seu navegador: No windows CTRL + (para aumentar) e CTRL - (para diminuir) No macOS CMD + (para aumentar) e CMD - (para diminuir) Nossas Lojas Como Comprar Seguros Pão de Açúcar Cartões Pão de Açúcar Pão de Açúcar Mais 0 Digite o que você quer encontrar BUSCAR Entrar 0 Entrega Home Bebidas Não Alcoólicas Refrigerantes Tônica Formas de parcelamento Refrigerante Citrus Original Schweppes Garrafa 1,5l Cód.: 1198286 R$ 8,59 Preço por 1L - R$ 5,72 Comprar Calcular o frete e prazo: OK Informações Adicionais Corante Artificial Glúten Não Contém Lactose Não Contém Possui Informações Nutricionais Sim Produto Diet Não Produto Light Não Produto Orgânico Não Produto Vegano Não Produto Zero Calorias Não Produto Sem Adição Açúcar Não Característica Geral Cor Branco Marca Schweppes Sabor Citrus Original Altura (cm) 32.2 Largura (cm) 9.4 Conteúdo Líquido 1.5 Conversão Unidade 5 Peso Bruto 1.6 Nome da Medida Principal Conteúdo LiquidoConteúdo Liquido Profundidade (cm) 9.4 Quantidade de Unidades 1 Tipo de armazenagem Temperatura Ambiente ou Refrigerado Unid. Quantidade UN Unid. Conteúdo Líquido L Unid. Peso Bruto KG Aromatizante Não Contém Outros Nome Principal do Item Refrigerante Tabela nutricional Porção de 200ML - 1 copo ITEM QTDE. POR PORÇÃO VALORES DIÁRIOS Açúcares Adicionados 20 g 40 Açúcares Totais 21 g ** Carboidratos 21 g 7 Sódio 17 mg 1 Valor energético 90 kcal 5 * Percentual de valores diários fornecidos pela porção. Não contém quantidades significativas de proteínas, gorduras totais, gorduras saturadas, gorduras trans e fibras alimentares. baixe o app Institucional Quem somos Trabalhe Conosco ",,8.59,,,,unknown,
Especiais,"Especiais Meu Desconto Blog do Pão Perfumaria Orgânicos e Saudáveis Vinhos e Espumantes Cartões Pão de Açúcar Notícias do Pão Qualitá Flores e Presenteáveis Bebidas Destiladas Categorias Alimentos Bebidas Limpeza Descartáveis Bebê e Criança Perfumaria PetShop Bazar Têxtil Feito de Brasil Categorias Categorias Categorias Para aumentar ou reduzir a fonte, utilize os atalhos nativos do seu navegador: No windows CTRL + (para aumentar) e CTRL - (para diminuir) No macOS CMD + (para aumentar) e CMD - (para diminuir) Nossas Lojas Como Comprar Seguros Pão de Açúcar Cartões Pão de Açúcar Pão de Açúcar Mais 0 Digite o que você quer encontrar BUSCAR Entrar 0 Entrega Home Bebidas Não Alcoólicas Refrigerantes Tônica Formas de parcelamento Refrigerante Citrus Original Schweppes Garrafa 1,5l Cód.: 1198286 R$ 8,59 Preço por 1L - R$ 5,72 Comprar Calcular o frete e prazo: OK Informações Adicionais Corante Artificial Glúten Não Contém Lactose Não Contém Possui Informações Nutricionais Sim Produto Diet Não Produto Light Não Produto Orgânico Não Produto Vegano Não Produto Zero Calorias Não Produto Sem Adição Açúcar Não Característica Geral Cor Branco Marca Schweppes Sabor Citrus Original Altura (cm) 32.2 Largura (cm) 9.4 Conteúdo Líquido 1.5 Conversão Unidade 5 Peso Bruto 1.6 Nome da Medida Principal Conteúdo LiquidoConteúdo Liquido Profundidade (cm) 9.4 Quantidade de Unidades 1 Tipo de armazenagem Temperatura Ambiente ou Refrigerado Unid. Quantidade UN Unid. Conteúdo Líquido L Unid. Peso Bruto KG Aromatizante Não Contém Outros Nome Principal do Item Refrigerante Tabela nutricional Porção de 200ML - 1 copo ITEM QTDE. POR PORÇÃO VALORES DIÁRIOS Açúcares Adicionados 20 g 40 Açúcares Totais 21 g ** Carboidratos 21 g 7 Sódio 17 mg 1 Valor energético 90 kcal 5 * Percentual de valores diários fornecidos pela porção. Não contém quantidades significativas de proteínas, gorduras totais, gorduras saturadas, gorduras trans e fibras alimentares. baixe o app Institucional Quem somos Trabalhe Conosco ",,8.59,,,,unknown,
Mercearia,"Mercearia Alimentos Básicos Feijão Feijão Preto Tipo 1 Camil Todo Dia 1 Kg Feijão Preto Tipo 1 Camil Todo Dia 1 Kg Marca: Camil - Cod: 2926 Este produto não está disponível no momento Descrição do Produto O Feijão Preto Camil é um feijão superior, rigorosamente selecionado. Empacotado com grãos maiores e padronizados. Proporcionam um caldo grosso, espesso e saboroso. Ideal para aquela feijoada ou para demais combinações. Rico em fibras, o feijão preto traz muitos benefícios para sua saúde. Ele tem altas concentrações de fibra solúvel, que ajuda a reduzir o colesterol no sangue. A fibra solúvel atrai a água se transformando em um gel durante a digestão. O feijão preto ainda é fonte de aminoácidos e proteínas. Muito bom, não é mesmo? Aproveite e compre aqui no Carrefour o seu Feijão Preto Camil. Especificações Técnicas Rico em ferro; Fonte de proteínas; Aminoácidos; Não contém glúten Categoria de Gestão SUBCATEGORIA_KEY 91014650301 Importante SAC do Fornecedor sac.camil@camil.com.br, 0800 133 300 Itens Inclusos 1 Pacote de Feijão Preto Tipo 1 Camil com 1 Kg Observações Imagem meramente ilustrativa Prazo de Validade: Vide Impresso na Embalagem.",,,,,,unknown,
Mercearia,"Mercearia Alimentos Básicos Feijão Feijão Preto Tipo 1 Kicaldo 1Kg Feijão Preto Tipo 1 Kicaldo 1Kg Marca: Kicaldo - Cod: 8066 Este produto não está disponível no momento Descrição do Produto O Feijão Preto da marca Kicaldo fica ótimo na sua feijoada e nas refeições diárias da sua família, além de ser considerado um grande aliado no combate ao estresse, o Feijão Preto é rico em vitaminas e minerais que ajudam a combater o desânimo e proporcionam bem-estar para os brasileiros. Além disso, são ótimas fontes de fibras e proteínas. Kicaldo começou sua história na década de 90. Atuante no atacado e no varejo, busca oferecer produtos de qualidade e trilha um caminho de crescimento e excelência no segmento de beneficiamento e empacotamento de cereais. Aproveite a oportunidade e compre o Feijão Preto Kicaldo agora mesmo, aqui no Carrefour! Especificações Técnicas Rico em ferro; Fonte de Vitaminas; Proteínas e Fibras; Não contém glúten Importante Itens Inclusos 1 Pacote de Feijão Preto Tipo 1 Kicaldo 1Kg Observações Imagem meramente ilustrativa Prazo de Validade: Vide Impresso na Embalagem Categoria de Gestão SUBCATEGORIA_KEY 91014650301",,,,,,unknown,
Especiais,"Especiais Meu Desconto Blog do Pão Perfumaria Orgânicos e Saudáveis Vinhos e Espumantes Cartões Pão de Açúcar Notícias do Pão Qualitá Flores e Presenteáveis Bebidas Destiladas Categorias Alimentos Bebidas Limpeza Descartáveis Bebê e Criança Perfumaria PetShop Bazar Têxtil Feito de Brasil Categorias Categorias Categorias Para aumentar ou reduzir a fonte, utilize os atalhos nativos do seu navegador: No windows CTRL + (para aumentar) e CTRL - (para diminuir) No macOS CMD + (para aumentar) e CMD - (para diminuir) Nossas Lojas Como Comprar Seguros Pão de Açúcar Cartões Pão de Açúcar Pão de Açúcar Mais 0 Digite o que você quer encontrar BUSCAR Entrar 0 Entrega Home Bebidas Não Alcoólicas Sucos Bebida Mista Formas de parcelamento Bebida Mista Sabor Citrus Punch DEL VALLE Frut Garrafa 1,5 Litros Cód.: 1038952 R$ 7,89 Preço por 1L - R$ 5,26 Comprar Calcular o frete e prazo: OK Descrição do produto DEL VALLE FRUT CITRUS PET 1.5L Informações Adicionais Corante Artificial Glúten Não Contém Lactose Não Contém Conservantes Contém Possui Informações Nutricionais Sim Produto Diet Não Produto Integral Não Produto Light Não Produto Orgânico Não Produto Vegano Não Produto Zero Calorias Não Produto Sem Adição Açúcar Não Característica Geral Cor Branco Marca del Valle Sabor Laranja Ingredientes Água, açúcar, suco concentrado de maçã (8,80%), suco concentrado de laranja (1,20%), vitamina C, aromatizante, regulador de acidez ácido cítrico, estabilizantes goma guar e carboximetilcelulose sódica, sequestrantes polifosfato de sódio e EDTA cálcio dissódico, edulcorantes ciclamato de sódio (45mg) e sacarina sódica (6,0mg) por 100ml, conservadores benzoato de sódio e sorbato de potássio e corantes tartrazina e amarelo crepúsculo FCF. Marca Del Valle Altura (cm) 32.1 Largura (cm) 9.2 Conteúdo Líquido 1.5 Conversão Unidade 5 Informações de Conservação Não congelar. Peso Bruto 1.55 Nome da Medida Principal Conteúdo LiquidoConteúdo Liquido Profundidade (cm) 9.2 Quantidade de Unidades 1 Tipo de arma",,7.89,,,,unknown,
Mercearia,Mercearia Alimentos Básicos Feijão Feijão Preto Carrefour 1 Kg Feijão Preto Carrefour 1 Kg Marca: Carrefour - Cod: 8923299 Este produto não está disponível no momento Descrição do Produto Feijão Preto Carrefour 1 Kg Especificações Técnicas Importante SAC do Fornecedor Para regiões metropolitanas: 3004 2222_ Para demais regiões: 0800 718 2222 Itens Inclusos 1 pacote de Feijão Preto Tipo 1 Carrefour com 1 Kg Observações Imagem meramente ilustrativa; Todas as informações divulgadas são de responsabilidade do fabricante/fornecedor; Prazo de Validade: Vide Impresso na Embalagem. Produto Internacional Não,,,,,,unknown,
Especiais,"Especiais Meu Desconto Blog do Pão Perfumaria Orgânicos e Saudáveis Vinhos e Espumantes Cartões Pão de Açúcar Notícias do Pão Qualitá Flores e Presenteáveis Bebidas Destiladas Categorias Alimentos Bebidas Limpeza Descartáveis Bebê e Criança Perfumaria PetShop Bazar Têxtil Feito de Brasil Categorias Categorias Categorias Para aumentar ou reduzir a fonte, utilize os atalhos nativos do seu navegador: No windows CTRL + (para aumentar) e CTRL - (para diminuir) No macOS CMD + (para aumentar) e CMD - (para diminuir) Nossas Lojas Como Comprar Seguros Pão de Açúcar Cartões Pão de Açúcar Pão de Açúcar Mais 0 Digite o que você quer encontrar BUSCAR Entrar 0 Entrega Home Alimentos Básico da Despensa Massas Massas Secas Formas de parcelamento Macarrão com Ovos Parafuso Barilla Pacote 500g Cód.: 1022956 R$ 5,39 Preço por 1kg - R$ 10,78 Comprar Calcular o frete e prazo: OK Descrição do produto A Massa com Ovos Barilla é macia e fica soltinha, sem necessidade de colocar óleo na água. Uma receita Italiana desenvolvida para o Brasil, feita com trigo tenro e agora com ovos de galinhas livres de gaiolas. Sua forma é criada por três pequenas hastes harmoniosamente torcidas em si mesmas, em um movimento de espiral, que captura todo o tipo de molho. Elaboração Volume 500g Tipo Parafuso Informações Adicionais Corante Natural Glúten Contém Ovos Contém Soja Pode Conter Centeio Pode Conter Cevada Pode Conter Trigo Pode Conter Possui Informações Nutricionais Sim Produto Desnatado Não Produto Diet Não Produto Integral Não Produto Light Não Produto Orgânico Não Produto Semidesnatado Não Produto Vegetariano Não Produto Zero Calorias Não Produto Sem Adição Açúcar Não Característica Geral Cor Branco Marca Barilla Ingredientes Sêmola de trigo enriquecida com ferro e ácido fólico, ovos e corante natural cúrcuma. Altura (cm) 23.3 Largura (cm) 17.5 Conversão Unidade 33 Informações de Conservação Recomendamos que os produtos Barilla sejam armazenados longe de itens que possam trazerinfestações, tais com",,5.39,,,,unknown,
Verifica tu identidad,Verifica tu identidad Mantén presionado el botón para confirmar que no eres un robot.,,,,,,unknown,
Mercearia,"Mercearia Alimentos Básicos Feijão Feijão Solito Preto Tipo 1Kg Feijão Solito Preto Tipo 1Kg Marca: Solito - Cod: 8975 Este produto não está disponível no momento Descrição do Produto Com a mesma confiabilidade conquistada no arroz, o Feijão Preto Solito chega à mesa dos consumidores com qualidade superior. O beneficiamento possui sistema de padronização de tamanho de grãos, seleção eletrônica e polimento automático que garante limpeza e brilho natural. A Solito Alimentos atua há mais de 50 anos no mercado. Tem como prioridade levar até sua mesa alimentos de alto padrão que tornem seu cotidiano mais saboroso. Ao longo dos anos a empresa foi crescendo, se desenvolvendo e hoje é considerada uma das maiores empresas de alimentos do Estado de São Paulo. Aproveite a oportunidade e compre o Feijão Preto Solito aqui no Carrefour. Especificações Técnicas Mais sabor; Rico em Ferro; Zero sódio; Sem gorduras trans Importante Itens Inclusos 1 Pacote de Feijão com 1Kg Observações Imagem meramente ilustrativa Prazo de Validade: Vide Impresso na Embalagem Categoria de Gestão SUBCATEGORIA_KEY 91014650301",,,,,,unknown,
Especiais,"Especiais Meu Desconto Blog do Pão Perfumaria Orgânicos e Saudáveis Vinhos e Espumantes Cartões Pão de Açúcar Notícias do Pão Qualitá Flores e Presenteáveis Bebidas Destiladas Categorias Alimentos Bebidas Limpeza Descartáveis Bebê e Criança Perfumaria PetShop Bazar Têxtil Feito de Brasil Categorias Categorias Categorias Para aumentar ou reduzir a fonte, utilize os atalhos nativos do seu navegador: No windows CTRL + (para aumentar) e CTRL - (para diminuir) No macOS CMD + (para aumentar) e CMD - (para diminuir) Nossas Lojas Como Comprar Seguros Pão de Açúcar Cartões Pão de Açúcar Pão de Açúcar Mais 0 Digite o que você quer encontrar BUSCAR Entrar 0 Entrega Home Alimentos Básico da Despensa Massas Massas Secas Formas de parcelamento Macarrão ADRIA com Ovos Parafuso 500g Cód.: 0797955 R$ 4,29 Preço por 1kg - R$ 8,58 Comprar Calcular o frete e prazo: OK Descrição do produto Os amantes daquela macarronada mais encorpada adoram o macarrão parafuso. Seu formato torcido traz ainda mais suculência e sabor aos pratos. O Macarrão Parafuso com Ovos da Adria é feito com farinha de trigo especial e ovos, tudo isso deixa a massa mais soltinha e bem amarelinha. Seja um prato quente ou até uma salada de macarrão, essa é mais uma opção da Adria para agradar a família toda. Elaboração Volume 500g Tipo Parafuso Informações Adicionais Corante Natural Glúten Contém Lactose Não Contém Ovos Contém Soja Pode Conter Centeio Pode Conter Cevada Pode Conter Trigo Pode Conter Possui Informações Nutricionais Sim Produto Desnatado Não Produto Diet Não Produto Integral Não Produto Light Não Produto Orgânico Não Produto Semidesnatado Não Produto Vegano Não Produto Vegetariano Não Produto Zero Calorias Não Produto Sem Adição Açúcar Não Característica Geral Cor Branco Marca Adria Ingredientes Sêmola de trigo enriquecida com ferro e ácido fólico, ovos e corantes naturais: cúrcuma e urucum. Altura (cm) 21.6 Largura (cm) 18.1 Conversão Unidade 33 Informações de Conservação Após abrir, feche as bordas da e",,4.29,,,,unknown,
Mercearia,Mercearia Alimentos Básicos Feijão Feijão Preto Tipo 1 Fantástico 1 kg Feijão Preto Tipo 1 Fantástico 1 kg Marca: Fantástico - Cod: 6206006 Este produto não está disponível no momento Descrição do Produto Feijão Preto Tipo 1 Fantástico 1 kg Especificações Técnicas,,,,,,unknown,
Especiais,"Especiais Meu Desconto Blog do Pão Perfumaria Orgânicos e Saudáveis Vinhos e Espumantes Cartões Pão de Açúcar Notícias do Pão Qualitá Flores e Presenteáveis Bebidas Destiladas Categorias Alimentos Bebidas Limpeza Descartáveis Bebê e Criança Perfumaria PetShop Bazar Têxtil Feito de Brasil Categorias Categorias Categorias Para aumentar ou reduzir a fonte, utilize os atalhos nativos do seu navegador: No windows CTRL + (para aumentar) e CTRL - (para diminuir) No macOS CMD + (para aumentar) e CMD - (para diminuir) Nossas Lojas Como Comprar Seguros Pão de Açúcar Cartões Pão de Açúcar Pão de Açúcar Mais 0 Digite o que você quer encontrar BUSCAR Entrar 0 Entrega Home Alimentos Básico da Despensa Massas Massas Secas Formas de parcelamento Macarrão com Ovos Parafuso PETYBON Pacote 500g Cód.: 0118378 R$ 4,49 Preço por 1kg - R$ 8,98 Comprar Calcular o frete e prazo: OK Descrição do produto Ingredientes: Sêmola de trigo enriquecida com ferro e ácido fólico, ovos e corantes naturais: urucum e cúrcuma. CONTÉM GLÚTEN. Elaboração Volume 500g Tipo Parafuso Informações Adicionais Corante Natural Glúten Contém Lactose Não Contém Ovos Contém Soja Pode Conter Centeio Pode Conter Cevada Pode Conter Trigo Pode Conter Triticale Pode Conter Produto Desnatado Não Produto Diet Não Produto Light Não Produto Orgânico Não Produto Semidesnatado Não Produto Vegano Não Produto Vegetariano Não Produto Zero Calorias Não Produto Sem Adição Açúcar Não Característica Geral Marca Petybon Ingredientes Sêmola de trigo enriquecida com ferro e ácido fólico, ovos e corantes naturais urucum e cúrcuma. Altura (cm) 23 Largura (cm) 14 Conversão Unidade 33 Informações de Conservação Não deve ser molhado no manuseio, transporte e armazenagem. Peso Bruto 509 Nome da Medida Principal Peso LíquidoPeso Líquido Peso Líquido 500 Profundidade (cm) 5 Quantidade de Unidades 1 Tipo de armazenagem Fresco Ventilado Seco Temperatura Ambiente Unid. Quantidade UN Unid. Peso Bruto G Aromatizante Não Contém Unid. Peso Líquido G Outr",,4.49,,,,unknown,
Padaria e Matinais,"Padaria e Matinais Pães e Torradas Pão de Forma Pão de Forma Seven Boys 450g Pão de Forma Seven Boys 450g Marca: Seven Boys - Cod: 8435 de R$ 11,90 - 41 % R$ 6,99 Condições de pagamento Adicionar ao Carrinho Essa compra destrava cashback! Saiba mais Condições de pagamento Produtos Patrocinados Patrocinado Queijo Parmesão Vigor Kg R$ 33,14 R$ 138,09/kg Adicionar Patrocinado Queijo Gorgonzola Vigor 100g R$ 14,59 Adicionar Patrocinado Queijo Brie Vigor 120g R$ 19,29 Adicionar Descrição do Produto Os tradicionais Pães de Sanduíche Seven Boys são consumidos por quem procura sabor, leveza, maciez e acima de tudo qualidade. Perfeitos para o café da manhã ou lanche da tarde. Livre de gorduras trans. A Seven Boys foi fundada em 1950. São anos fazendo parte da vida de diversas famílias, estando presente nos melhores momentos das crianças de todas as idades! Com uma linha de produtos bem diversificada, a Seven Boys fez parte do passado e continua fazendo parte do presente de muitos consumidores. Ficou com água na boca? Então aproveite a oportunidade e compre o pão de forma Seven Boys aqui no Carrefour! Especificações Técnicas Macio e saboroso; Sem gorduras trans; Contém glúten Informações Nutricionais Sódio por 100g Não consta Gorduras Saturadas por 100g Não consta Açúcar por 100g Não consta Proteínas por 100g Não consta Fibras por 100g Não consta Percentual de Frutas, Legumes, Verduras e Óleos Vegetais por 100g Não consta Escala de Sódio Alto Escala de Gorduras Saturadas Alto Escala de Açúcar Alto Escala de Proteínas Alto Escala de Fibras Alto Escala de Frutas, Legumes, Verduras e Óleos Vegetais Alto Porção 50 g Porção Equivalente 2,5 fatias Calorias (Kcal) 126 kcal Carboidratos 25 g Valores Diários de Fibras 5 Valor Energético (KJ) 527 kj Sódio 182 mg Gorduras Saturadas 0,2 g Açúcar - g Proteínas 4,5 g Fibras 1,2 g Unidade de medida do peso g Considerar gordura adicionada Não consta Calorias por 100g Não consta Indicador Nutricional em número Não consta Escala de Calorias Al",,11.90,,,,unknown,
Especiais,"Especiais Meu Desconto Blog do Pão Perfumaria Orgânicos e Saudáveis Vinhos e Espumantes Cartões Pão de Açúcar Notícias do Pão Qualitá Flores e Presenteáveis Bebidas Destiladas Categorias Alimentos Bebidas Limpeza Descartáveis Bebê e Criança Perfumaria PetShop Bazar Têxtil Feito de Brasil Categorias Categorias Categorias Para aumentar ou reduzir a fonte, utilize os atalhos nativos do seu navegador: No windows CTRL + (para aumentar) e CTRL - (para diminuir) No macOS CMD + (para aumentar) e CMD - (para diminuir) Nossas Lojas Como Comprar Seguros Pão de Açúcar Cartões Pão de Açúcar Pão de Açúcar Mais 0 Digite o que você quer encontrar BUSCAR Entrar 0 Entrega Home Alimentos Básico da Despensa Massas Massas Secas Formas de parcelamento Macarrão com Ovos Parafuso PETYBON Pacote 500g Cód.: 0118378 R$ 4,49 Preço por 1kg - R$ 8,98 Comprar Calcular o frete e prazo: OK Descrição do produto Ingredientes: Sêmola de trigo enriquecida com ferro e ácido fólico, ovos e corantes naturais: urucum e cúrcuma. CONTÉM GLÚTEN. Elaboração Volume 500g Tipo Parafuso Informações Adicionais Corante Natural Glúten Contém Lactose Não Contém Ovos Contém Soja Pode Conter Centeio Pode Conter Cevada Pode Conter Trigo Pode Conter Triticale Pode Conter Produto Desnatado Não Produto Diet Não Produto Light Não Produto Orgânico Não Produto Semidesnatado Não Produto Vegano Não Produto Vegetariano Não Produto Zero Calorias Não Produto Sem Adição Açúcar Não Característica Geral Marca Petybon Ingredientes Sêmola de trigo enriquecida com ferro e ácido fólico, ovos e corantes naturais urucum e cúrcuma. Altura (cm) 23 Largura (cm) 14 Conversão Unidade 33 Informações de Conservação Não deve ser molhado no manuseio, transporte e armazenagem. Peso Bruto 509 Nome da Medida Principal Peso LíquidoPeso Líquido Peso Líquido 500 Profundidade (cm) 5 Quantidade de Unidades 1 Tipo de armazenagem Fresco Ventilado Seco Temperatura Ambiente Unid. Quantidade UN Unid. Peso Bruto G Aromatizante Não Contém Unid. Peso Líquido G Outr",,4.49,,,,unknown,
Multi Marca,"Multi Marca Papa Malla, 2 Kg item 588313 $2.690 Agregar al carro Derecho a retracto Saber más También te podría interesar Previous Kraft Mayonesa Regular Squeeze, 315 g $4.290 Agregar Tia Lia Mermelada Durazno, 250 g $860 Agregar Vivo Jugo en Polvo Libre de Azúcar Lima Limón Sobre, 8 g 6 x $1.290 Regular: $270 c/u Combinar Virutex Bolsa de Basura Grande Jardín 80x120 cm, 10 Un $3.690 Agregar Castaño Pan de Molde Integral XL, 770 g $3.150 Agregar Vivo Refresco Libre de Azúcar Sabor Mango Sobre, 8 g 6 x $1.290 Regular: $270 c/u Combinar Tucapel Arroz Grado 2 Grano Largo Bolsa, 1 kg $2.050 Agregar PF Paté de Jamón Embutido, 125 g $680 Agregar Vivo Jugo en Polvo Naranja Sobre, 8 g 6 x $1.290 Regular: $270 c/u Combinar Kem Bebida Piña Zero Botella, 3 L $2.390 Ahorra $500 Regular: $2.890 Agregar Kraft Mayonesa Regular Squeeze, 315 g $4.290 Agregar Tia Lia Mermelada Durazno, 250 g $860 Agregar Vivo Jugo en Polvo Libre de Azúcar Lima Limón Sobre, 8 g 6 x $1.290 Regular: $270 c/u Combinar Virutex Bolsa de Basura Grande Jardín 80x120 cm, 10 Un $3.690 Agregar Castaño Pan de Molde Integral XL, 770 g $3.150 Agregar Vivo Refresco Libre de Azúcar Sabor Mango Sobre, 8 g 6 x $1.290 Regular: $270 c/u Combinar Tucapel Arroz Grado 2 Grano Largo Bolsa, 1 kg $2.050 Agregar PF Paté de Jamón Embutido, 125 g $680 Agregar Vivo Jugo en Polvo Naranja Sobre, 8 g 6 x $1.290 Regular: $270 c/u Combinar Kem Bebida Piña Zero Botella, 3 L $2.390 Ahorra $500 Regular: $2.890 Agregar Kraft Mayonesa Regular Squeeze, 315 g $4.290 Agregar Tia Lia Mermelada Durazno, 250 g $860 Agregar Vivo Jugo en Polvo Libre de Azúcar Lima Limón Sobre, 8 g 6 x $1.290 Regular: $270 c/u Combinar Virutex Bolsa de Basura Grande Jardín 80x120 cm, 10 Un $3.690 Agregar Next Información Nutricional Descripción Especificaciones Técnicas Descripción Papas Huerto del Ranco, 2kg País de origen: Chile Ingredientes: Papas. Información Nutricional: Porción: 1 Unidad Regular (150g) Porciones por envase: 13 100g 1 Porción Energía (kCal) 77",,2690,,,,unknown,
1617,,,,,,,unknown,
Selecciona tu,"Selecciona tu Método de envío Iniciar sesión Categorías Supermercado Desayuno Pan Empacado Pan Bimbo Vital Integral Multicereal 500 G Pan Bimbo Vital Integral Multicereal 500 G Cargando comentarios… Item ID : 811942 Vendido Por: Olimpica Información general - Descripción del producto Disfruta de la Nutrición y Sabor Único del Pan Vital Bimbo Integral Multicereal Explora la combinación perfecta de nutrición y sabor con el Pan Vital Bimbo Integral Multicereal. Este producto de alta calidad ofrece la frescura característica de Bimbo junto con los beneficios de los cereales integrales, proporcionando una opción deliciosa y saludable para tus comidas diarias. Con un peso de 500 g, este pan es ideal para toda la familia y para aquellos que buscan una opción nutritiva. Receta: Tostadas de Aguacate y Huevo con Pan Vital Bimbo Integral Multicereal Ingredientes: 4 rebanadas de Pan Vital Bimbo Integral Multicereal 2 aguacates maduros 4 huevos 1 tomate picado 1/2 cebolla morada picada Jugo de 1 limón Cilantro fresco picado Sal y pimienta al gusto Aceite de oliva para cocinar Instrucciones: Tuesta ligeramente las rebanadas de Pan Vital Bimbo Integral Multicereal en un sartén o tostadora hasta que estén doradas y crujientes. En un tazón, machaca los aguacates con un tenedor hasta obtener una consistencia cremosa. Agrega sal, pimienta y jugo de limón al gusto. En una sartén, calienta un poco de aceite de oliva y cocina los huevos al gusto (revueltos, fritos o pochados). Unta una capa generosa de puré de aguacate sobre cada rebanada de pan tostado. Coloca un huevo cocido sobre el aguacate en cada tostada. Decora con tomate picado, cebolla morada picada y cilantro fresco. Agrega sal y pimienta al gusto y sirve las tostadas de aguacate y huevo como un delicioso desayuno o almuerzo saludable. Mostrar más Especificaciones + Especificaciones técnicas Propiedad Especificación Comentarios Cargando el resumen… Por favor, inicia sesión para escribir un comentario. Más reciente Ordenar por: ",,,,,,unknown,
¡Lo sentimos!,¡Lo sentimos! No pudimos encontrar el producto que buscabas. Te recomendamos regresar a nuestra página de inicio o navegar en nuestras categorías de productos hasta encontrar lo que buscas.,,,,,,unknown,
Verifica tu identidad,Verifica tu identidad Mantén presionado el botón para confirmar que no eres un robot.,,,,,,unknown,
Especiais,"Especiais Meu Desconto Blog do Pão Perfumaria Orgânicos e Saudáveis Vinhos e Espumantes Cartões Pão de Açúcar Notícias do Pão Qualitá Flores e Presenteáveis Bebidas Destiladas Categorias Alimentos Bebidas Limpeza Descartáveis Bebê e Criança Perfumaria PetShop Bazar Têxtil Feito de Brasil Categorias Categorias Categorias Para aumentar ou reduzir a fonte, utilize os atalhos nativos do seu navegador: No windows CTRL + (para aumentar) e CTRL - (para diminuir) No macOS CMD + (para aumentar) e CMD - (para diminuir) Nossas Lojas Como Comprar Seguros Pão de Açúcar Cartões Pão de Açúcar Pão de Açúcar Mais 0 Digite o que você quer encontrar BUSCAR Entrar 0 Entrega Home Alimentos Básico da Despensa Massas Massas Secas Formas de parcelamento Macarrão de Sêmola com Ovos Parafuso Renata Pacote 500g Cód.: 0732642 R$ 4,89 Preço por 1kg - R$ 9,78 Comprar Calcular o frete e prazo: OK Descrição do produto Ingredientes: Sêmola de trigo enriquecida com ferro e ácido fólico, ovos pasteurizados, corantes naturais urucum e cúrcuma. CONTÉM GLÚTEN. Elaboração Volume 500g Tipo Parafuso Informações Adicionais Corante Natural Glúten Contém Ovos Pode Conter Soja Pode Conter Trigo Pode Conter Possui Informações Nutricionais Sim Produto Integral Não Produto Light Não Produto Orgânico Não Característica Geral Cor Branco Marca Renata Ingredientes Sêmola de trigo enriquecida com ferro e ácido fólico, ovos, corantes naturais: urucum e cúrcuma. Altura (cm) 26.1 Largura (cm) 16.9 Conversão Unidade 33 Informações de Conservação Mantenha o produto afastado do chão. Depois de aberto, feche dobrando as bordas da embalagem ou coloque em recipiente fechado. Peso Bruto 511.7 Nome da Medida Principal Peso LíquidoPeso Líquido Peso Líquido 500 Profundidade (cm) 4.7 Quantidade de Unidades 1 Tipo de armazenagem Ao Abrigo do Sol Seco Temperatura Ambiente Limpo Unid. Quantidade UN Unid. Peso Bruto G Aromatizante Não Contém Unid. Peso Líquido G Outros Nome Principal do Item Macarrão Tabela nutricional Porção de 80G - ",,4.89,,,,unknown,
¡Lo sentimos!,¡Lo sentimos! No pudimos encontrar el producto que buscabas. Te recomendamos regresar a nuestra página de inicio o navegar en nuestras categorías de productos hasta encontrar lo que buscas.,,,,,,unknown,
¡Lo sentimos!,¡Lo sentimos! No pudimos encontrar el producto que buscabas. Te recomendamos regresar a nuestra página de inicio o navegar en nuestras categorías de productos hasta encontrar lo que buscas.,,,,,,unknown,
Especiais,"Especiais Meu Desconto Blog do Pão Perfumaria Orgânicos e Saudáveis Vinhos e Espumantes Cartões Pão de Açúcar Notícias do Pão Qualitá Flores e Presenteáveis Bebidas Destiladas Categorias Alimentos Bebidas Limpeza Descartáveis Bebê e Criança Perfumaria PetShop Bazar Têxtil Feito de Brasil Categorias Categorias Categorias Para aumentar ou reduzir a fonte, utilize os atalhos nativos do seu navegador: No windows CTRL + (para aumentar) e CTRL - (para diminuir) No macOS CMD + (para aumentar) e CMD - (para diminuir) Nossas Lojas Como Comprar Seguros Pão de Açúcar Cartões Pão de Açúcar Pão de Açúcar Mais 0 Digite o que você quer encontrar BUSCAR Entrar 0 Entrega Home Alimentos Básico da Despensa Leites Leite Desnatado Formas de parcelamento Leite Desnatado MOLICO 1L Cód.: 1228726 R$ 7,99 Preço por 1L - R$ 7,99 Comprar Calcular o frete e prazo: OK Informações Adicionais Corante Não Contém Glúten Não Contém Lactose Contém Contém Leite Contém Possui Informações Nutricionais Sim Produto Desnatado Sim Produto Diet Não Produto Integral Não Produto Light Não Produto Orgânico Não Produto Vegano Não Produto Vegetariano Não Açúcar dos Ingredientes Contém Produto Sem Adição Açúcar Não Característica Geral Cor Branco Marca Molico Ingredientes Leite desnatado, minerais [fosfato tricálcico (cálcio), citrato de magnésio (magnésio), pirofosfato férrico (ferro)], vitaminas [vitamina C (ácido ascórbico), vitamina B3 (nicotinamida), vitamina B5 (d-pantotenato de cálcio), vitamina B6 (cloridrato de piridoxina), vitamina B1 (cloreto de tiamina), vitamina A (acetato de retinila), vitamina B7 (d-biotina), vitamina D (colecalciferol) e vitamina B12 (cianocobalamina)] e estabilizantes trifosfato de sódio, citrato de sódio, monofosfato de sódio e difosfato de sódio. Altura (cm) 20.8 Largura (cm) 7.6 Conteúdo Líquido 1 Conversão Unidade 5 Peso Bruto 1.064 Nome da Medida Principal Conteúdo LiquidoConteúdo Liquido Profundidade (cm) 7.5 Quantidade de Unidades 1 Tipo de armazenagem Temperatura Ambiente T",,7.99,,,,unknown,
Especiais,"Especiais Meu Desconto Blog do Pão Perfumaria Orgânicos e Saudáveis Vinhos e Espumantes Cartões Pão de Açúcar Notícias do Pão Qualitá Flores e Presenteáveis Bebidas Destiladas Categorias Alimentos Bebidas Limpeza Descartáveis Bebê e Criança Perfumaria PetShop Bazar Têxtil Feito de Brasil Categorias Categorias Categorias Para aumentar ou reduzir a fonte, utilize os atalhos nativos do seu navegador: No windows CTRL + (para aumentar) e CTRL - (para diminuir) No macOS CMD + (para aumentar) e CMD - (para diminuir) Nossas Lojas Como Comprar Seguros Pão de Açúcar Cartões Pão de Açúcar Pão de Açúcar Mais 0 Digite o que você quer encontrar BUSCAR Entrar 0 Entrega Home Alimentos Básico da Despensa Leites Leite Semi-desnatado Formas de parcelamento Leite Longa Vida Semidesnatado QUALITÁ 1 Litro Cód.: 8879356 R$ 5,39 Preço por 1L - R$ 5,39 Comprar Calcular o frete e prazo: OK Descrição do produto Ingredientes: Leite UHT semidesnatado, estabilizante: citrato de sódio. NÃO CONTÉM GLÚTEN. AVISO INPORTANTE: Este produto não deve ser usado para alimentar crianças, a não ser por indicação expressa de médico ou nutricionista. O aleitamento materno evita infecções e alergias e é recomendado até os 2 (dois) anos de idade ou mais. Elaboração Volume 1 Litro Informações Adicionais Corante Não Contém Glúten Não Contém Lactose Contém Contém Leite Contém Possui Informações Nutricionais Sim Produto Diet Não Produto Integral Não Produto Light Não Produto Orgânico Não Produto Semidesnatado Sim Característica Geral Cor Branco Marca Qualitá Ingredientes Leite semidesnatado e estabilizante citrato de sódio. Altura (cm) 20.8 Largura (cm) 7.4 Conteúdo Líquido 1 Conversão Unidade 5 Peso Bruto 1.064 Nome da Medida Principal Conteúdo LiquidoConteúdo Liquido Profundidade (cm) 7 Quantidade de Unidades 1 Tipo de armazenagem Arejado Seco Temperatura Ambiente Tipo de armazenagem após aberto Refrigerado Unid. Quantidade UN Unid. Conteúdo Líquido L Unid. Peso Bruto KG Aromatizante Não Contém Advertência e Inst",,5.39,,,,unknown,
Selecciona tu,"Selecciona tu Método de envío Iniciar sesión Categorías Supermercado Panadería Panadería Fresca Pan Olimpica Integral Molde 540 G Pan Olimpica Integral Molde 540 G Cargando comentarios… Item ID : 350168 Vendido Por: Olimpica Información general - Descripción del producto Pan Integral Olimpica Molde 540 G Mostrar más Especificaciones + Especificaciones técnicas Propiedad Especificación Tipo de Panadería Fresca Pan Fresco Comentarios Cargando el resumen… Por favor, inicia sesión para escribir un comentario. Más reciente Ordenar por: Más reciente Más antiguo Calificación más alta Calificación más baja Todos Filtrar por: Todos 1 estrella 2 estrellas 3 estrellas 4 estrellas 5 estrellas Cargando comentarios…",,,,,,unknown,
¡Lo sentimos!,¡Lo sentimos! No pudimos encontrar el producto que buscabas. Te recomendamos regresar a nuestra página de inicio o navegar en nuestras categorías de productos hasta encontrar lo que buscas.,,,,,,unknown,
Especiais,"Especiais Meu Desconto Blog do Pão Perfumaria Orgânicos e Saudáveis Vinhos e Espumantes Cartões Pão de Açúcar Notícias do Pão Qualitá Flores e Presenteáveis Bebidas Destiladas Categorias Alimentos Bebidas Limpeza Descartáveis Bebê e Criança Perfumaria PetShop Bazar Têxtil Feito de Brasil Categorias Categorias Categorias Para aumentar ou reduzir a fonte, utilize os atalhos nativos do seu navegador: No windows CTRL + (para aumentar) e CTRL - (para diminuir) No macOS CMD + (para aumentar) e CMD - (para diminuir) Nossas Lojas Como Comprar Seguros Pão de Açúcar Cartões Pão de Açúcar Pão de Açúcar Mais 0 Digite o que você quer encontrar BUSCAR Entrar 0 Entrega Home Alimentos Básico da Despensa Leites Leite Integral Formas de parcelamento Leite Longa Vida Integral ITALAC 1 Litro Cód.: 4426370 R$ 5,99 Preço por 1L - R$ 5,99 Comprar Calcular o frete e prazo: OK Descrição do produto Ingredientes: Leite integral, vitaminas A e D, estabilizante citrado de sódio e/ou trifosfato de sódio, monofosfato monossódio e difosfato dissódio. NÃO CONTÉM GLÚTEN. Elaboração Volume 1 Litro Tipo Leite integral Informações Adicionais Produto Orgânico Não Característica Geral Cor Branco Marca Italac Altura (cm) 20.5 Largura (cm) 7.6 Conteúdo Líquido 1 Conversão Unidade 5 Peso Bruto 1.087 Nome da Medida Principal Conteúdo LiquidoConteúdo Liquido Profundidade (cm) 7.2 Quantidade de Unidades 1 Unid. Quantidade UN Unid. Conteúdo Líquido L Unid. Peso Bruto KG baixe o app Institucional Quem somos Trabalhe Conosco Política de Privacidade e Termos de Uso Termos Buscados Heineken Vinhos Cervejas Fraldas Categorias Alimentos Bebidas Limpeza Descartáveis Bebê e Criança Perfumaria PetShop Bazar Têxtil Feito de Brasil Mapa do site Mapa de categorias Mapa de produtos Mapa de lojas Central de Atendimento 0800 779 6761 Meus Pedidos Encontre uma Loja Formas de Pagamento Trocas e devoluções Dúvidas Frequentes Nossos canais facebook instagram youtube twitter baixe o app A VENDA E O CONSUMO DE BEBIDAS ALCOÓLICAS SÃ",,5.99,,,,unknown,
1628,,,,,,,unknown,
¡Lo sentimos!,¡Lo sentimos! No pudimos encontrar el producto que buscabas. Te recomendamos regresar a nuestra página de inicio o navegar en nuestras categorías de productos hasta encontrar lo que buscas.,,,,,,unknown,
Verifica tu identidad,Verifica tu identidad Mantén presionado el botón para confirmar que no eres un robot.,,,,,,unknown,
¡Lo sentimos!,¡Lo sentimos! No pudimos encontrar el producto que buscabas. Te recomendamos regresar a nuestra página de inicio o navegar en nuestras categorías de productos hasta encontrar lo que buscas.,,,,,,unknown,
1631,,,,,,,unknown,
1632,,,,,,,unknown,
Especiais,"Especiais Meu Desconto Blog do Pão Perfumaria Orgânicos e Saudáveis Vinhos e Espumantes Cartões Pão de Açúcar Notícias do Pão Qualitá Flores e Presenteáveis Bebidas Destiladas Categorias Alimentos Bebidas Limpeza Descartáveis Bebê e Criança Perfumaria PetShop Bazar Têxtil Feito de Brasil Categorias Categorias Categorias Para aumentar ou reduzir a fonte, utilize os atalhos nativos do seu navegador: No windows CTRL + (para aumentar) e CTRL - (para diminuir) No macOS CMD + (para aumentar) e CMD - (para diminuir) Nossas Lojas Como Comprar Seguros Pão de Açúcar Cartões Pão de Açúcar Pão de Açúcar Mais 0 Digite o que você quer encontrar BUSCAR Entrar 0 Entrega 0 Home Alimentos Básico da Despensa Leites Leite Semi-desnatado Formas de parcelamento Leite UHT Desnatado JUSSARA Edge 1 Litro Cód.: 1240185 Ops :( No momento não temos esse produto em estoque Indisponível Informações Adicionais Corante Não Contém Glúten Não Contém Lactose Contém Contém Leite Contém Produto Desnatado Sim Produto Diet Não Produto Integral Não Produto Light Não Produto Orgânico Não Produto Vegano Não Produto Vegetariano Não Produto Sem Adição Açúcar Não Característica Geral Cor Branco Marca Jussara Ingredientes Leite desnatado e estabilizantes citrato de sódio, trifosfato de sódio, monofosfato de sódio e difosfato de sódio. Altura (cm) 21.4 Largura (cm) 8 Conteúdo Líquido 1 Conversão Unidade 5 Peso Bruto 1 Nome da Medida Principal Conteúdo LiquidoConteúdo Liquido Profundidade (cm) 7.7 Quantidade de Unidades 1 Tipo de armazenagem Arejado Seco Temperatura Ambiente Tipo de armazenagem após aberto Refrigerado Unid. Quantidade UN Unid. Conteúdo Líquido L Unid. Peso Bruto KG Aromatizante Não Contém Advertência e Instrução de Uso Advertência de Consumo Aviso importante: este produto não deve ser usado para alimentar crianças, exceto por indicação expressa de médico ou nutricionista. O aleitamento materno evita infecções e alergias e é recomendado até os 2 (dois) anos de idade ou mais. Outros Nome Principal ",,,,,,unknown,
Especiais,"Especiais Meu Desconto Blog do Pão Perfumaria Orgânicos e Saudáveis Vinhos e Espumantes Cartões Pão de Açúcar Notícias do Pão Qualitá Flores e Presenteáveis Bebidas Destiladas Categorias Alimentos Bebidas Limpeza Descartáveis Bebê e Criança Perfumaria PetShop Bazar Têxtil Feito de Brasil Categorias Categorias Categorias Para aumentar ou reduzir a fonte, utilize os atalhos nativos do seu navegador: No windows CTRL + (para aumentar) e CTRL - (para diminuir) No macOS CMD + (para aumentar) e CMD - (para diminuir) Nossas Lojas Como Comprar Seguros Pão de Açúcar Cartões Pão de Açúcar Pão de Açúcar Mais 0 Digite o que você quer encontrar BUSCAR Entrar 0 Entrega Home Alimentos Básico da Despensa Leites Leite Integral Formas de parcelamento Leite NINHO Integral 1L Cód.: 1228723 R$ 7,99 Preço por 1L - R$ 7,99 Comprar Calcular o frete e prazo: OK Informações Adicionais Corante Não Contém Glúten Não Contém Lactose Contém Contém Leite Contém Possui Informações Nutricionais Sim Produto Diet Não Produto Integral Sim Produto Light Não Produto Orgânico Não Açúcar dos Ingredientes Contém Característica Geral Cor Branco Marca Ninho Ingredientes Leite integral, minerais [cálcio (fosfato tricálcico), ferro (pirofosfato férrico) e zinco (sulfato de zinco)], vitaminas [vitamina C (ácido ascórbico), vitamina E (acetato de DL-alfa-tocoferila), vitamina A (acetato de retinila) e vitamina D (colecalciferol)] e estabilizantes citrato de sódio, trifosfato de sódio, monofosfato de sódio e difosfato de sódio. Altura (cm) 21 Largura (cm) 7.8 Conteúdo Líquido 1 Conversão Unidade 5 Peso Bruto 1.066 Nome da Medida Principal Conteúdo LiquidoConteúdo Liquido Profundidade (cm) 7.4 Quantidade de Unidades 1 Tipo de armazenagem Fresco Seco Ao Abrigo do Calor Temperatura Ambiente Tipo de armazenagem após aberto Refrigerado Unid. Quantidade UN Unid. Conteúdo Líquido L Unid. Peso Bruto KG Aromatizante Não Contém Advertência e Instrução de Uso Advertência de Consumo Este produto não deve ser usado para aliment",,7.99,,,,unknown,
¡Lo sentimos!,¡Lo sentimos! No pudimos encontrar el producto que buscabas. Te recomendamos regresar a nuestra página de inicio o navegar en nuestras categorías de productos hasta encontrar lo que buscas.,,,,,,unknown,
¡Lo sentimos!,¡Lo sentimos! No pudimos encontrar el producto que buscabas. Te recomendamos regresar a nuestra página de inicio o navegar en nuestras categorías de productos hasta encontrar lo que buscas.,,,,,,unknown,
Especiais,"Especiais Meu Desconto Blog do Pão Perfumaria Orgânicos e Saudáveis Vinhos e Espumantes Cartões Pão de Açúcar Notícias do Pão Qualitá Flores e Presenteáveis Bebidas Destiladas Categorias Alimentos Bebidas Limpeza Descartáveis Bebê e Criança Perfumaria PetShop Bazar Têxtil Feito de Brasil Categorias Categorias Categorias Para aumentar ou reduzir a fonte, utilize os atalhos nativos do seu navegador: No windows CTRL + (para aumentar) e CTRL - (para diminuir) No macOS CMD + (para aumentar) e CMD - (para diminuir) Nossas Lojas Como Comprar Seguros Pão de Açúcar Cartões Pão de Açúcar Pão de Açúcar Mais 0 Digite o que você quer encontrar BUSCAR Entrar 0 Entrega Home Bebidas Cervejas Cervejas Premium Cerveja Premium Nacional Formas de parcelamento Cerveja Pilsen Corona Garrafa 330ml Cód.: 1208502 R$ 6,59 R$ 7,19 -8% Comprar Calcular o frete e prazo: OK Descrição do produto Corona não é só uma cerveja, é um estilo de vida. Um convite para se desconectar da rotina e aproveitar mais a vida lá fora, na praia e curtindo um pôr do sol com os amigos. Informações Adicionais Glúten Contém Sem Álcool 68771 Cevada Contém Possui Informações Nutricionais Não Produto Light Não Produto Orgânico Não Característica Geral Cor Branco Marca Corona Ingredientes Água, malte, arroz e lúpulo. Marca Corona Altura (cm) 24.1 Harmonização Bolinhos de bacalhau, ostras temperadas ou camarões fritos. Largura (cm) 5.9 Conteúdo Líquido 330 Conversão Unidade 29 Peso Bruto 540 Nome da Medida Principal Conteúdo LiquidoConteúdo Liquido Profundidade (cm) 5.9 Quantidade de Unidades 1 Tipo de armazenagem Temperatura Ambiente Unid. Quantidade UN Unid. Conteúdo Líquido ML Unid. Peso Bruto G Aromatizante Não Contém Outros Nome Principal do Item Cerveja Características Características gustativas Frutado,Condimentada,Boa formação,persistente. Cervejas do estilo American Lager são leves em cor e corpo, têm baixo amargor e costumam ser neutras, refrescantes e bem carbonatadas. O sabor é sutil (ou seja, nenhum ingredient",,6.59,,,,unknown,
1638,,,,,,,unknown,
Especiais,"Especiais Meu Desconto Blog do Pão Perfumaria Orgânicos e Saudáveis Vinhos e Espumantes Cartões Pão de Açúcar Notícias do Pão Qualitá Flores e Presenteáveis Bebidas Destiladas Categorias Alimentos Bebidas Limpeza Descartáveis Bebê e Criança Perfumaria PetShop Bazar Têxtil Feito de Brasil Categorias Categorias Categorias Para aumentar ou reduzir a fonte, utilize os atalhos nativos do seu navegador: No windows CTRL + (para aumentar) e CTRL - (para diminuir) No macOS CMD + (para aumentar) e CMD - (para diminuir) Nossas Lojas Como Comprar Seguros Pão de Açúcar Cartões Pão de Açúcar Pão de Açúcar Mais 0 Digite o que você quer encontrar BUSCAR Entrar 0 Entrega Home Bebidas Cervejas Cervejas Premium Cerveja Premium Nacional Formas de parcelamento Cerveja Lager Heineken Lata 350ml Cód.: 1376389 R$ 5,29 R$ 5,79 -8% Comprar Calcular o frete e prazo: OK Descrição do produto - Informações Adicionais Corante Não Contém Glúten Contém Lactose Não Contém Produto Light Não Produto Orgânico Não Produto Vegano Não Característica Geral Cor Prata Marca Heineken Altura (cm) 15.56 Largura (cm) 5.75 Conteúdo Líquido 350 Conversão Unidade 21 Peso Bruto 367 Nome da Medida Principal Conteúdo Liquido Peso Líquido 360 Profundidade (cm) 5.75 Quantidade de Unidades 1 Tipo de armazenagem Temperatura Ambiente Unid. Quantidade UN Unid. Conteúdo Líquido ML Unid. Peso Bruto G Aromatizante Não Contém Unid. Peso Líquido G Outros Nome Principal do Item Cerveja baixe o app Institucional Quem somos Trabalhe Conosco Política de Privacidade e Termos de Uso Termos Buscados Heineken Vinhos Cervejas Fraldas Categorias Alimentos Bebidas Limpeza Descartáveis Bebê e Criança Perfumaria PetShop Bazar Têxtil Feito de Brasil Mapa do site Mapa de categorias Mapa de produtos Mapa de lojas Central de Atendimento 0800 779 6761 Meus Pedidos Encontre uma Loja Formas de Pagamento Trocas e devoluções Dúvidas Frequentes Nossos canais facebook instagram youtube twitter baixe o app A VENDA E O CONSUMO DE BEBIDAS ALCOÓLICAS SÃO P",,5.29,,,,unknown,
Verifica tu identidad,Verifica tu identidad Mantén presionado el botón para confirmar que no eres un robot.,,,,,,unknown,
1640,,,,,,,unknown,
¡Lo sentimos!,¡Lo sentimos! No pudimos encontrar el producto que buscabas. Te recomendamos regresar a nuestra página de inicio o navegar en nuestras categorías de productos hasta encontrar lo que buscas.,,,,,,unknown,
1642,,,,,,,unknown,
Especiais,"Especiais Meu Desconto Blog do Pão Perfumaria Orgânicos e Saudáveis Vinhos e Espumantes Cartões Pão de Açúcar Notícias do Pão Qualitá Flores e Presenteáveis Bebidas Destiladas Categorias Alimentos Bebidas Limpeza Descartáveis Bebê e Criança Perfumaria PetShop Bazar Têxtil Feito de Brasil Categorias Categorias Categorias Para aumentar ou reduzir a fonte, utilize os atalhos nativos do seu navegador: No windows CTRL + (para aumentar) e CTRL - (para diminuir) No macOS CMD + (para aumentar) e CMD - (para diminuir) Nossas Lojas Como Comprar Seguros Pão de Açúcar Cartões Pão de Açúcar Pão de Açúcar Mais 0 Digite o que você quer encontrar BUSCAR Entrar 0 Entrega Home Bebidas Cervejas Cervejas Premium Cerveja Premium Nacional Formas de parcelamento Cerveja Lager Puro Malte Amstel Lata 269ml Cód.: 1101246 R$ 2,99 R$ 3,19 -6% Comprar Calcular o frete e prazo: OK Descrição do produto ""A Amstel Lata 269ml é uma cerveja lager puro malte apreciada em mais de 110 países. Com receita europeia, ingredientes naturais e sem aditivos, levamos mais do que uma cerveja puro malte: levamos o espírito de Amsterdam para o mundo. Seja na festa, no churrasco ou em casa, a Amstelzona é a cerveja puro malte perfeita para quem tem sede. A cor dourada e o sabor característico levemente amargo da Amstel vai destacar o espírito livre da marca e de Amsterdã no seu dia a dia."" Informações Adicionais Corante Não Contém Glúten Contém Sem Álcool Sim Possui Informações Nutricionais Sim Produto Light Não Produto Orgânico Não Produto Vegano Não Característica Geral Cor Branco Marca Amstel Altura (cm) 12.3 Largura (cm) 5.7 Conteúdo Líquido 269 Conversão Unidade 8 Peso Bruto 283 Nome da Medida Principal Conteúdo LiquidoConteúdo Liquido Profundidade (cm) 5.7 Quantidade de Unidades 1 Tipo 2 Puro Malte Tipo de armazenagem Temperatura Ambiente Unid. Quantidade UN Unid. Conteúdo Líquido ML Unid. Peso Bruto G Aromatizante Não Contém Advertência e Instrução de Uso Advertência de Consumo Venda e consumo proibidos para",,2.99,,,,unknown,
¡Lo sentimos!,¡Lo sentimos! No pudimos encontrar el producto que buscabas. Te recomendamos regresar a nuestra página de inicio o navegar en nuestras categorías de productos hasta encontrar lo que buscas.,,,,,,unknown,
1645,,,,,,,unknown,
¡Lo sentimos!,¡Lo sentimos! No pudimos encontrar el producto que buscabas. Te recomendamos regresar a nuestra página de inicio o navegar en nuestras categorías de productos hasta encontrar lo que buscas.,,,,,,unknown,
1647,,,,,,,unknown,
¡Lo sentimos!,¡Lo sentimos! No pudimos encontrar el producto que buscabas. Te recomendamos regresar a nuestra página de inicio o navegar en nuestras categorías de productos hasta encontrar lo que buscas.,,,,,,unknown,
1649,,,,,,,unknown,
Verifica tu identidad,Verifica tu identidad Mantén presionado el botón para confirmar que no eres un robot.,,,,,,unknown,
¡Lo sentimos!,¡Lo sentimos! No pudimos encontrar el producto que buscabas. Te recomendamos regresar a nuestra página de inicio o navegar en nuestras categorías de productos hasta encontrar lo que buscas.,,,,,,unknown,
1651,,,,,,,unknown,
1652,,,,,,,unknown,
1653,,,,,,,unknown,
1654,,,,,,,unknown,
1655,,,,,,,unknown,
1656,,,,,,,unknown,
1657,,,,,,,unknown,
1658,,,,,,,unknown,
1659,,,,,,,unknown,
Verifica tu identidad,Verifica tu identidad Mantén presionado el botón para confirmar que no eres un robot.,,,,,,unknown,
1660,,,,,,,unknown,
1661,,,,,,,unknown,
1662,,,,,,,unknown,
1663,,,,,,,unknown,
1664,,,,,,,unknown,
1665,,,,,,,unknown,
📍,"📍 Elige un método de entrega Despacho a domicilio o retiro en tienda Inicio Unimarc Unimarc Exclusivo Internet nescafe Café Nescafé tradición lata 170 g 170 g Sku: 000000000000010521-UN $6.200 $7.750 ( $45.588 x kg ) Agregar Información del producto Descripción Café Nescafé Tradición el café de todos los días, en una cómoda presentación para llevar contigo a todas partes. Formato 170 g. Loading... Loading... Loading... Loading... Loading... Loading... Loading... Loading... Loading... Loading... Loading... Loading... Loading... Loading... Loading... Loading... Loading... Loading... Loading... Loading... Loading... Loading... Loading... Loading...",,6200,,,,unknown,
1667,,,,,,,unknown,
📍,📍 Elige un método de entrega Despacho a domicilio o retiro en tienda Inicio Unimarc Unimarc waitrose Café molido Waitrose italiano 227 g 227 g Sku: 000000000000638108-UN $7.350 ( $32.379 x kg ) Agregar Información del producto Descripción Café Waitrose italiano molida. Características: Café grano y molido - Waitrose - Envase doy pack - Formato familiar - Contenido 227 g. Loading... Loading... Loading... Loading... Loading... Loading... Loading... Loading... Loading... Loading... Loading... Loading... Loading... Loading... Loading... Loading... Loading... Loading... Loading... Loading... Loading... Loading... Loading... Loading...,,7350,,,,unknown,
1669,,,,,,,unknown,
Verifica tu identidad,Verifica tu identidad Mantén presionado el botón para confirmar que no eres un robot.,,,,,,unknown,
📍,"📍 Elige un método de entrega Despacho a domicilio o retiro en tienda Inicio Unimarc Unimarc haiti Café molido Haití mezcla súper moka 250 g 250 g Sku: 000000000000010552-UN $5.290 ( $21.160 x kg ) Agregar Información del producto Descripción Café de gusto suave y fuertemente aromático producto de una mezcla de cafés provenientes de Colombia, Brasil, Perú y Ecuador. Este café molido ha sido sometido a un proceso de tostado lo que permite obtener un café uniforme y agradable. Características: Café grano y molido - Haití - Envase doy pack - Formato familiar - Contenido 250 g. Loading... Loading... Loading... Loading... Loading... Loading... Loading... Loading... Loading... Loading... Loading... Loading... Loading... Loading... Loading... Loading... Loading... Loading... Loading... Loading... Loading... Loading... Loading... Loading...",,5290,,,,unknown,
📍,"📍 Elige un método de entrega Despacho a domicilio o retiro en tienda Inicio Unimarc Unimarc Club Unimarc frutas y verduras Papas malla 2 Kg 2 Kg Sku: 000000000000038270-UN 11% $2.390 ( $1.195 x kg ) $2.690 ( $1.345 x kg ) Agregar Información del producto Descripción Las papas tienen grandes propiedades curativas, en la medicina china tradicional, utilizan las papas como un alimento con gran poder curativo.Entre sus principales propiedades se encuentran:Protege de enfermedades relacionadas con el páncreas,Trata la debilidad, fatiga, y falta de energía,Da energía al cuerpo,Calma el estómago,Lubrica los intestinos,Promueve los movimientos intestinales. Loading... Loading... Loading... Loading... Loading... Loading... Loading... Loading... Loading... Loading... Loading... Loading... Loading... Loading... Loading... Loading... Loading... Loading... Loading... Loading... Loading... Loading... Loading... Loading...",,2390,,,,unknown,
1672,,,,,,,unknown,
📍,"📍 Elige un método de entrega Despacho a domicilio o retiro en tienda Inicio Unimarc Unimarc marley Café molido orgánico Marley buffalo soldier 227 g 227 g Sku: 000000000000920132-UN $14.190 ( $62.511 x kg ) Agregar Información del producto Descripción Una mezcla nacida de la naturaleza, que ofrece un aroma y sabor intensos para disfrutar en cualquier momento. Tiene un matiz ahumado y chocolateado. Este es el sabor perfecto para aquellos que buscan un café tostado que les energice durante el día, acompañado de su música favorita. Este envase contiene 227 gramos de café molido. Loading... Loading... Loading... Loading... Loading... Loading... Loading... Loading... Loading... Loading... Loading... Loading... Loading... Loading... Loading... Loading... Loading... Loading... Loading... Loading... Loading... Loading... Loading... Loading...",,14190,,,,unknown,
1674,,,,,,,unknown,
1675,,,,,,,unknown,
1676,,,,,,,unknown,
📍,"📍 Elige un método de entrega Despacho a domicilio o retiro en tienda Inicio Unimarc Unimarc frutas y verduras Papas Huertos del Ranco malla 1.3 Kg 1.3 Kg Sku: 000000000000636435-UN $1.790 ( $1.377 x kg ) Agregar Información del producto Descripción Papas Huertos del Ranco, malla 1.3 Kg Loading... Loading... Loading... Loading... Loading... Loading... Loading... Loading... Loading... Loading... Loading... Loading... Loading... Loading... Loading... Loading... Loading... Loading... Loading... Loading... Loading... Loading... Loading... Loading...",,1790,,,,unknown,
📍,"📍 Elige un método de entrega Despacho a domicilio o retiro en tienda Inicio Unimarc Unimarc d aroma Café molido D'aroma mezcla excelsor 250 g 250 g Sku: 000000000000323842-UN $5.490 ( $21.960 x kg ) Agregar Información del producto Descripción Elaborada con la selección y mezcla (blending) de granos de café de variedad arábica, proveniente de distintas haciendas caficultoras de Brasil y Colombia para luego ser tostado en chile por nuestro sistema de tueste al aire el cual retiene todo el aroma del café.100% arábica. Mezcla de variedades arábicas. Cultivado en Brasil y Colombia. Tostado y mezclado en chile. Características: Café grano y molido - Excels - Envase doy pack - Formato familiar - Contenido 250 g. Loading... Loading... Loading... Loading... Loading... Loading... Loading... Loading... Loading... Loading... Loading... Loading... Loading... Loading... Loading... Loading... Loading... Loading... Loading... Loading... Loading... Loading... Loading... Loading...",,5490,,,,unknown,
1679,,,,,,,unknown,
Verifica tu identidad,Verifica tu identidad Mantén presionado el botón para confirmar que no eres un robot.,,,,,,unknown,
¡Lo sentimos!,¡Lo sentimos! No pudimos encontrar el producto que buscabas. Te recomendamos regresar a nuestra página de inicio o navegar en nuestras categorías de productos hasta encontrar lo que buscas.,,,,,,unknown,
1681,,,,,,,unknown,
📍,"📍 Elige un método de entrega Despacho a domicilio o retiro en tienda Inicio Unimarc Unimarc llanquihue Papas granel 500 g 500 g Sku: 000000000000544317-KG $695 ( $1.390 x kg ) Agregar Información del producto Descripción Papas, granel 500 g Loading... Loading... Loading... Loading... Loading... Loading... Loading... Loading... Loading... Loading... Loading... Loading... Loading... Loading... Loading... Loading... Loading... Loading... Loading... Loading... Loading... Loading... Loading... Loading...",,695,,,,unknown,
¡Lo sentimos!,¡Lo sentimos! No pudimos encontrar el producto que buscabas. Te recomendamos regresar a nuestra página de inicio o navegar en nuestras categorías de productos hasta encontrar lo que buscas.,,,,,,unknown,
1684,,,,,,,unknown,
📍,"📍 Elige un método de entrega Despacho a domicilio o retiro en tienda Inicio Unimarc Unimarc ideal Pan molde Ideal blanco grande XL bolsa 750 g 750 g Sku: 000000000000166752-UN $2.950 ( $3.933 x kg ) Agregar Información del producto Descripción Pan De Molde Blanco Grande, Con Un 30 % Más De Rebanadas. Producto certificado Kosher.Características: Pan molde y pita - Ideal - Sin sellos - Envase bolsa - Formato familiar - Contenido 752 g. Loading... Loading... Loading... Loading... Loading... Loading... Loading... Loading... Loading... Loading... Loading... Loading... Loading... Loading... Loading... Loading... Loading... Loading... Loading... Loading... Loading... Loading... Loading... Loading...",,2950,,,,unknown,
📍,"📍 Elige un método de entrega Despacho a domicilio o retiro en tienda Inicio Unimarc Unimarc cena Pan de molde integral XL Cena 750 g 750 g Sku: 000000000000669554-UN $2.750 ( $3.667 x kg ) Agregar Información del producto Descripción Pan fibra familiar, pan blanco con salvado. Loading... Loading... Loading... Loading... Loading... Loading... Loading... Loading... Loading... Loading... Loading... Loading... Loading... Loading... Loading... Loading... Loading... Loading... Loading... Loading... Loading... Loading... Loading... Loading...",,2750,,,,unknown,
1687,,,,,,,unknown,
📍,"📍 Elige un método de entrega Despacho a domicilio o retiro en tienda Inicio Unimarc Unimarc coca cola Bebida Coca Cola original 1.5 L 1.5 litro Sku: 000000000000023002-UN $1.990 ( $1.327 x L ) Agregar Información del producto Descripción Coca-Cola, chispeante y refrescante, es una bebida magnífica para mantener la energía y combatir el calor. El refresco de cola, es un gran complemento para cualquier ocasión tanto si estás trabajando o en un picnic. Características: Bebidas regulares - Coca Cola - Alto en azúcares - Envase botella - Formato familiar - Contenido 1.5 L. Loading... Loading... Loading... Loading... Loading... Loading... Loading... Loading... Loading... Loading... Loading... Loading... Loading... Loading... Loading... Loading... Loading... Loading... Loading... Loading... Loading... Loading... Loading... Loading...",,1990,,,,unknown,
1689,,,,,,,unknown,
Verifica tu identidad,Verifica tu identidad Mantén presionado el botón para confirmar que no eres un robot.,,,,,,unknown,
📍,"📍 Elige un método de entrega Despacho a domicilio o retiro en tienda Inicio Unimarc Unimarc Club Unimarc canada dry Bebida Canada Dry ginger ale no retornable 1.5 L 1.5 litro Sku: 000000000000023190-UN 2 x $3.100 ( $1.033 x l ) $2.030 c/u ( $1.353 x l ) Agregar Información del producto Descripción Si quieres disfrutar de una bebida que te refresque y a la vez te quite la sed, tienes que elegir Canada Dry Ginger ale. Características: Bebidas regulares - Canda Dry - Alto en azúcares - Envase botella - Formato familiar - Contenido 1.5 L. Loading... Loading... Loading... Loading... Loading... Loading... Loading... Loading... Loading... Loading... Loading... Loading... Loading... Loading... Loading... Loading... Loading... Loading... Loading... Loading... Loading... Loading... Loading... Loading...",,3100,,,,unknown,
1691,,,,,,,unknown,
1692,,,,,,,unknown,
📍,📍 Elige un método de entrega Despacho a domicilio o retiro en tienda Inicio Unimarc Unimarc amada masa Pan de molde blanco XL Amada Masa 750 g 750 g Sku: 000000000000651918-UN $2.510 ( $3.347 x kg ) Agregar Información del producto Descripción Pan de molde Amada Masa blanco XL 750 g Loading... Loading... Loading... Loading... Loading... Loading... Loading... Loading... Loading... Loading... Loading... Loading... Loading... Loading... Loading... Loading... Loading... Loading... Loading... Loading... Loading... Loading... Loading... Loading...,,2510,,,,unknown,
📍,📍 Elige un método de entrega Despacho a domicilio o retiro en tienda Inicio Unimarc Unimarc Cyberazo fuchs Pan molde Fuchs integral con masa madre bolsa 650 g 650 g Sku: 000000000000026931-UN 20% $2.530 ( $3.892 x kg ) $3.150 ( $4.846 x kg ) Agregar Información del producto Descripción Pan molde Fuchs integral con masa madre bolsa 650 g Loading... Loading... Loading... Loading... Loading... Loading... Loading... Loading... Loading... Loading... Loading... Loading... Loading... Loading... Loading... Loading... Loading... Loading... Loading... Loading... Loading... Loading... Loading... Loading...,,2530,,,,unknown,
📍,📍 Elige un método de entrega Despacho a domicilio o retiro en tienda Inicio Unimarc Unimarc Club Unimarc pepsi Bebida Pepsi no retornable 1.5 L 1.5 litro Sku: 000000000000023301-UN 2 x $3.100 ( $1.033 x l ) $2.030 c/u ( $1.353 x l ) Agregar Información del producto Descripción Bebida gaseosa de fantasía azucarada. Contiene cafeína. Características: Bebidas regulares - Pepsi - Alto en azúcares - Envase botella - Formato familiar - Contenido 1.5 L. Loading... Loading... Loading... Loading... Loading... Loading... Loading... Loading... Loading... Loading... Loading... Loading... Loading... Loading... Loading... Loading... Loading... Loading... Loading... Loading... Loading... Loading... Loading... Loading...,,3100,,,,unknown,
📍,📍 Elige un método de entrega Despacho a domicilio o retiro en tienda Inicio Unimarc Unimarc Club Unimarc kem piña Bebida Kem piña no retornable 1.5 L 1.5 litro Sku: 000000000000023186-UN 2 x $3.100 ( $1.033 x l ) $2.030 c/u ( $1.353 x l ) Agregar Información del producto Descripción Bebida gaseosa de fantasía sabor piña. Características: Bebidas regulares - Kem piña - Alto en azúcares - Envase botella - Formato familiar - Contenido 1.5 L. Loading... Loading... Loading... Loading... Loading... Loading... Loading... Loading... Loading... Loading... Loading... Loading... Loading... Loading... Loading... Loading... Loading... Loading... Loading... Loading... Loading... Loading... Loading... Loading...,,3100,,,,unknown,
📍,📍 Elige un método de entrega Despacho a domicilio o retiro en tienda Inicio Unimarc Unimarc agricola ramos Tomate regy Agrícola Ramos 300 g 300 g Sku: 000000000000651906-UN $1.990 ( $6.633 x kg ) Agregar Información del producto Descripción Tomate regy Agrícola Ramos 300 g Loading... Loading... Loading... Loading... Loading... Loading... Loading... Loading... Loading... Loading... Loading... Loading... Loading... Loading... Loading... Loading... Loading... Loading... Loading... Loading... Loading... Loading... Loading... Loading...,,1990,,,,unknown,
📍,"📍 Elige un método de entrega Despacho a domicilio o retiro en tienda Inicio Unimarc Unimarc frutas y verduras Tomate larga vida granel 500 g 500 g Sku: 000000000000038314-KG $1.145 ( $2.290 x kg ) Agregar Información del producto Descripción El tomate es rico en vitaminas y minerales: esta hortaliza aporta vitamina C, un potente antioxidante natural, además de vitamina A, K, hierro y potasio. Loading... Loading... Loading... Loading... Loading... Loading... Loading... Loading... Loading... Loading... Loading... Loading... Loading... Loading... Loading... Loading... Loading... Loading... Loading... Loading... Loading... Loading... Loading... Loading...",,1145,,,,unknown,
📍,📍 Elige un método de entrega Despacho a domicilio o retiro en tienda Inicio Unimarc Unimarc frutas y verduras Tomate dulce Snacky pote 250 g 250 g Sku: 000000000000639899-UN $1.250 ( $5.000 x kg ) Agregar Información del producto Descripción Tomate dulce Snacky pote 250 g Loading... Loading... Loading... Loading... Loading... Loading... Loading... Loading... Loading... Loading... Loading... Loading... Loading... Loading... Loading... Loading... Loading... Loading... Loading... Loading... Loading... Loading... Loading... Loading...,,1250,,,,unknown,
"Este sitio web utiliza cookies propias para optimizar la experiencia de nuestros clientes, analizar estadísticas de navegación del sitio y de terceros para brindar contenidos personalizados de acuerdo","Este sitio web utiliza cookies propias para optimizar la experiencia de nuestros clientes, analizar estadísticas de navegación del sitio y de terceros para brindar contenidos personalizados de acuerdo con sus preferencias. Al dar click en [Aceptar], autoriza el uso de cookies durante su navegación. Para más información, consulte nuestra Política de Cookies en el Aviso de Privacidad . Aceptar Supermercado Despensa Tortilleria y pan empacados Pan Butter Krust Blanco 567g Butter Krust Cargando comentarios… Pan Butter Krust Blanco 567g Pan Butter Krust Blanco 567g Referencia : 3851928 Información Pan Butter Krust Blanco 567g. Las imágenes del producto son únicamente de referencia, el diseño de etiquetas y el contenido (ml, L, Kg, g, piezas, etc) pueden cambiar y/o variar sin previo aviso. Mostrar más Comparte Vendido y entregado por: Chedraui Descripción Especificaciones ¡Calidad y frescura en cada bocado! Encuentra todo lo que necesitas en tu tienda online Chedraui.com.mx. Recibe en casa gracias al servicio a domicilio. Descarga la app.",,,,,,unknown,
Verifica tu identidad,Verifica tu identidad Mantén presionado el botón para confirmar que no eres un robot.,,,,,,unknown,
📍,📍 Elige un método de entrega Despacho a domicilio o retiro en tienda Inicio Unimarc Unimarc Cyberazo agroterra Tomate malla 1 Kg 1 Kg Sku: 000000000000038313-UN 20% $1.800 ( $1.800 x kg ) $2.250 ( $2.250 x kg ) Agregar Información del producto Descripción Tomate malla 1 Kg Loading... Loading... Loading... Loading... Loading... Loading... Loading... Loading... Loading... Loading... Loading... Loading... Loading... Loading... Loading... Loading... Loading... Loading... Loading... Loading... Loading... Loading... Loading... Loading...,,1800,,,,unknown,
📍,"📍 Elige un método de entrega Despacho a domicilio o retiro en tienda Inicio Unimarc Unimarc yemita Huevos grande blanco Yemita 12 un 12 unidad Sku: 000000000000035512-UN $4.090 ( $341 x Un ) Agregar Información del producto Descripción Los huevos Yemita son un alimento completo y nutritivo que aporta alto contenido de proteínas y vitaminas;este tipo de alimento es esencial en la alimentación humana para el crecimiento, desarrollo y buena salud. Características: Huevos gallina - Yemita - Gallina normal - Tipo blanco - Contenido 12 unidades. Loading... Loading... Loading... Loading... Loading... Loading... Loading... Loading... Loading... Loading... Loading... Loading... Loading... Loading... Loading... Loading... Loading... Loading... Loading... Loading... Loading... Loading... Loading... Loading...",,4090,,,,unknown,
📍,📍 Elige un método de entrega Despacho a domicilio o retiro en tienda Inicio Unimarc Unimarc nuestra cocina Huevos Nuestra Cocina grande color 12 un 12 unidad Sku: 000000000000650807-UN $3.890 ( $324 x Un ) Agregar Información del producto Descripción Huevos Nuestra Cocina grande color 12 un Loading... Loading... Loading... Loading... Loading... Loading... Loading... Loading... Loading... Loading... Loading... Loading... Loading... Loading... Loading... Loading... Loading... Loading... Loading... Loading... Loading... Loading... Loading... Loading...,,3890,,,,unknown,
📍,"📍 Elige un método de entrega Despacho a domicilio o retiro en tienda Inicio Unimarc Unimarc Club Unimarc piri Bebida Piri cola zero 2 L 2 litro Sku: 000000000000159078-UN 2 x $1.780 ( $445 x l ) $990 c/u ( $495 x l ) Agregar Información del producto Descripción Bebida Piri cola zero, 2 L Loading... Loading... Loading... Loading... Loading... Loading... Loading... Loading... Loading... Loading... Loading... Loading... Loading... Loading... Loading... Loading... Loading... Loading... Loading... Loading... Loading... Loading... Loading... Loading...",,1780,,,,unknown,
Home,"Home Desayuno y Dulces Café ¡Qué mal! Justo se agotó JUAN VALDEZ Café Grano Molido Colina (Balanceado) 250 GR $ 13.450 UN Descripción Café Colina Tostado Molido Juan Valdez 250g | Actualizado al: 20-05-2025 Ingredientes: 100% café de colombiano tipo exportación, Café arábica. Certificados: Apto para APLV Libre de Lactosa Vegano Vegetariano Libre de Soya Libre de Huevo Libre de Peces Libre de Mariscos Libre de Maní Libre de Frutos Secos Libre de Nueces Libre de Sulfitos Libre de Trigo Kosher Información Nutricional: Importante: La información del empaque y/o contenido del producto final puede diferir respecto a lo que mostramos en nuestro sitio web, tanto a nivel de ingredientes, trazas, información nutricional, sellos, modo de uso y/o modo de conservación. Usted no debe basarse únicamente en la información que se muestra en nuestro sitio web y siempre debe leer las etiquetas, advertencias e instrucciones antes de usar o consumir un producto. Información obtenida de CAFE COLINA MOLIDO 250 GRS. Productos similares Café Grano Molido Cumbre (Fuerte) $ 13.450 UN Ver producto Café grano volcán (fuerte) $ 13.450 UN Ver producto Cafe grano molido moka monterrey $ 4.490 UN -18% $ 5.490 UN Ver producto Café Liofilizado $ 29.490 UN $ 31.090 UN Ver producto Café Grano Moka $ 4.990 UN Ver producto CAFE GRANO ORO HAUSBRANDT 500 GR $ 15.990 UN Ver producto Café Grano Molido Copacabana 100% Arábico 250 g $ 4.390 UN Ver producto Café en Grano One Love Marley Coffee 227 g $ 9.990 UN -18% $ 12.250 UN Ver producto Cafe Grano Molido Buffalo Soilder Organico $ 12.750 UN Ver producto Café en Grano Catch A Fire Marley Coffee 227 g $ 9.990 UN -18% $ 12.250 UN Ver producto Café Molido Caramel Nut Cream Marley Coffee 227 g $ 12.750 UN Ver producto Café Moka Súper Molido $ 4.990 UN Ver producto Café Molido French Vanilla Marley Coffee 227 g $ 12.750 UN Ver producto Café Molido Caribbean Soul Marley Coffee 227 g $ 12.750 UN Ver producto Café Molido Intenso $ 5.990 UN -14% $ 6.990 UN Ver product",,13450,,,,unknown,
📍,📍 Elige un método de entrega Despacho a domicilio o retiro en tienda Inicio Unimarc Unimarc santa marta Huevo extra color Santa Marta 20 un 20 unidad Sku: 000000000000661878-UN $6.590 ( $330 x Un ) Agregar Información del producto Descripción Huevo extra color Santa Marta 20 un Loading... Loading... Loading... Loading... Loading... Loading... Loading... Loading... Loading... Loading... Loading... Loading... Loading... Loading... Loading... Loading... Loading... Loading... Loading... Loading... Loading... Loading... Loading... Loading...,,6590,,,,unknown,
Home,"Home Desayuno y Dulces Café Devolver este producto es gratis Conoce los plazos y exclusiones del derecho a retracto y la satisfacción garantizada. TOTTUS Código del producto: 110607109 Cód. tienda: 20403423 CAFE MOLIDO TOTTUS 250 G 250 GR $ 3.990 UN Acumula hasta 26 CMR Puntos Agregar al Carro Descripción Café Tostado y Molido Tottus 250g | Actualizado al: 24-05-2025 Ingredientes: Café 100%. Certificados: Apto para APLV Libre de Lactosa Vegano Vegetariano Libre de Soya Libre de Huevo Libre de Peces Libre de Mariscos Libre de Maní Libre de Frutos Secos Libre de Nueces Libre de Sulfitos Libre de Trigo Información Nutricional: Porción: 6 G (6g) Porciones por envase: 42 100g 1 Porción Energía (kCal) 428 25.7 Proteínas (g) 17 1 Grasas Totales (g) 9.9 0.6 Hidratos de carbono disponibles (g) 68 4.1 Azúcares totales (g) 0 0 Sodio (mg) 12 0.7 Importante: La información del empaque y/o contenido del producto final puede diferir respecto a lo que mostramos en nuestro sitio web, tanto a nivel de ingredientes, trazas, información nutricional, sellos, modo de uso y/o modo de conservación. Usted no debe basarse únicamente en la información que se muestra en nuestro sitio web y siempre debe leer las etiquetas, advertencias e instrucciones antes de usar o consumir un producto. Información obtenida de CAFE MOLIDO TOTTUS 250 G Productos similares CAFE MOLIDO TOTTUS 500 G $ 7.590 UN Ver producto Café Molido Intenso $ 5.990 UN -14% $ 6.990 UN Ver producto Café Molido Balanceado $ 5.990 UN -14% $ 6.990 UN Ver producto CAFE EXPRESS MOLIDO 250 GRS. $ 4.990 UN Ver producto CAP CAFE DESCAFEINAD TOTTUS PREMIUM 50 G $ 2.990 UN -25% $ 3.990 UN Ver producto Café Grano Molido Copacabana 100% Arábico 250 g $ 4.390 UN Ver producto Café Molido French Vanilla Marley Coffee 227 g $ 12.750 UN Ver producto Cápsula Café Ristretto $ 2.990 UN -25% $ 3.990 UN Ver producto Cápsula Café Lungo $ 2.990 UN -25% $ 3.990 UN Ver producto Café Marley Cappuccino de Vainilla 160 g + Mug $ 10.990 UN $ 11.990 UN Ver pro",,3990,,,,unknown,
📍,📍 Elige un método de entrega Despacho a domicilio o retiro en tienda Inicio Unimarc Unimarc santa elvira Huevos Santa Elvira grande color 12 un 12 unidad Sku: 000000000000327503-UN $3.970 ( $331 x Un ) Agregar Información del producto Descripción Huevos Santa Elvira grande color 12 un Loading... Loading... Loading... Loading... Loading... Loading... Loading... Loading... Loading... Loading... Loading... Loading... Loading... Loading... Loading... Loading... Loading... Loading... Loading... Loading... Loading... Loading... Loading... Loading...,,3970,,,,unknown,
Home,"Home Desayuno y Dulces Café Devolver este producto es gratis Conoce los plazos y exclusiones del derecho a retracto y la satisfacción garantizada. NESCAFE Código del producto: 115878869 Cód. tienda: 01025019 Café Instantáneo Nescafe Tradición Tarro 50 g 50 GR $ 2.850 UN -19% $ 3.500 UN Acumula hasta 19 CMR Puntos Agregar al Carro Descripción Café Instantáneo en Polvo Tradición Nescafé 50g | Actualizado al: 13-05-2025 Ingredientes: 100% café. Certificados: Apto para APLV Libre de Lactosa Vegano Vegetariano Libre de Soya Libre de Huevo Libre de Peces Libre de Mariscos Libre de Maní Libre de Frutos Secos Libre de Nueces Libre de Sulfitos Libre de Trigo Kosher Información Nutricional: Importante: La información del empaque y/o contenido del producto final puede diferir respecto a lo que mostramos en nuestro sitio web, tanto a nivel de ingredientes, trazas, información nutricional, sellos, modo de uso y/o modo de conservación. Usted no debe basarse únicamente en la información que se muestra en nuestro sitio web y siempre debe leer las etiquetas, advertencias e instrucciones antes de usar o consumir un producto. Información obtenida de NESCAFE TRADICIONAL 50 GRS.11261035 Productos similares Café Instantáneo Nescafe Tradición Tarro 170 g $ 7.890 UN Ver producto Café Instantáneo Nescafe Dolca Tarro 170 g $ 5.300 UN Ver producto Café Instantáneo Nescafe Tradición Tarro 400 g $ 9.790 UN -40% $ 16.350 UN Ver producto Café Instantáneo Granulado Nescafe Tradición Tarro 170 g $ 8.490 UN Ver producto Café Tradición Tarro $ 4.990 UN Ver producto NESCAFE DOLCA 50 GRS. 11261175 $ 2.290 UN Ver producto Café Starbucks Medium Roast 90 g $ 9.990 UN -27% $ 13.650 UN Ver producto Café Instantáneo Black Roast Nescafe 170 g $ 8.750 UN $ 8.950 UN Ver producto Café Starbucks Dark Roast 90 g $ 9.990 UN Ver producto Café Instantáneo Liofilizado Cruzeiro 170 g $ 6.290 UN -21% $ 7.950 UN Ver producto NESCAFE DOLCA TARRO 195GR $ 4.390 UN -29% $ 6.150 UN Ver producto Café Instantáneo Primera Selecc",,2850,,,,unknown,
📍,"📍 Elige un método de entrega Despacho a domicilio o retiro en tienda Inicio Unimarc Unimarc la granja Huevo grande color La Granja 12 un 12 unidad Sku: 000000000000893518-UN $5.190 ( $433 x Un ) Agregar Información del producto Descripción Los huevos la granja son de gallinas Libre de Jaula o ?Cage Free? las gallinas viven en galpones 100% libres de jaulas, donde pueden desarrollar comportamientos naturales como perchar, anidar, aletear y socializar con otras gallinas, en un ambiente seguro y protegido. Características: Huevos gallina - La Granja - Gallina normal - Tipo color - Contenido 12 unidades. Loading... Loading... Loading... Loading... Loading... Loading... Loading... Loading... Loading... Loading... Loading... Loading... Loading... Loading... Loading... Loading... Loading... Loading... Loading... Loading... Loading... Loading... Loading... Loading...",,5190,,,,unknown,
Verifica tu identidad,Verifica tu identidad Mantén presionado el botón para confirmar que no eres un robot.,,,,,,unknown,
Home,Home Frutas y Verduras Verduras Devolver este producto es gratis Conoce los plazos y exclusiones del derecho a retracto y la satisfacción garantizada. VERDURAS Código del producto: 116165191 Cód. tienda: 06900045 Papa a Granel KG $ 1.690 KG Acumula hasta 5 CMR Puntos Agregar al Carro Descripción PAPA (GRANEL) ¡Juntos son mejores! Cebolla a Granel $ 1.600 KG Ver producto Zapallo en Trozo $ 1.990 UN Ver producto Zapallo Picado en Bolsa 500 g $ 1.990 UN Ver producto Ajo $ 370 UN Ver producto Zapallo Cubito en Bolsa 500 g $ 1.990 UN Ver producto Pimentón Verde $ 990 UN Ver producto Ajo en Malla 2 Un $ 990 UN Ver producto Zanahoria en Bolsa 1 Kg $ 1.200 UN Ver producto Cebolla en Malla 1 Kg $ 1.590 UN Ver producto Zanahoria Jugo en Bolsa 1 Kg $ 1.200 UN Ver producto Ajo Desgranado en Malla 150 g $ 1.450 UN Ver producto,,1690,,,,unknown,
📍,📍 Elige un método de entrega Despacho a domicilio o retiro en tienda Inicio Unimarc Unimarc soprole Leche entera natural Soprole 1 L 1 litro Sku: 000000000000516748-UN $1.250 ( $1.250 x L ) Agregar Información del producto Descripción Leche entera natural Soprole 1 L Loading... Loading... Loading... Loading... Loading... Loading... Loading... Loading... Loading... Loading... Loading... Loading... Loading... Loading... Loading... Loading... Loading... Loading... Loading... Loading... Loading... Loading... Loading... Loading...,,1250,,,,unknown,
Home,"Home Desayuno y Dulces Café Devolver este producto es gratis Conoce los plazos y exclusiones del derecho a retracto y la satisfacción garantizada. GOLD Código del producto: 121667337 Cód. tienda: 21277971 Café Instatáneo Liofilizado 170 GR $ 7.490 UN -25% $ 9.990 UN Acumula hasta 49 CMR Puntos Agregar al Carro Descripción Café Liofilizado Café Gold 170g | Actualizado al: 30-05-2025 Ingredientes: 100% café. Certificados: Apto para APLV Libre de Lactosa Vegano Vegetariano Libre de Soya Libre de Huevo Libre de Peces Libre de Mariscos Libre de Maní Libre de Frutos Secos Libre de Nueces Libre de Sulfitos Libre de Trigo Información Nutricional: Importante: La información del empaque y/o contenido del producto final puede diferir respecto a lo que mostramos en nuestro sitio web, tanto a nivel de ingredientes, trazas, información nutricional, sellos, modo de uso y/o modo de conservación. Usted no debe basarse únicamente en la información que se muestra en nuestro sitio web y siempre debe leer las etiquetas, advertencias e instrucciones antes de usar o consumir un producto. Información obtenida de CAFE LIOFILIZADO ROBUSTA 170GR Productos similares Café Instatáneo Liofilizado $ 7.100 UN Ver producto Café premier liofilizado $ 10.790 UN Ver producto Café Descafeinado $ 7.850 UN -13% $ 8.990 UN Ver producto Café molido descafeinado $ 7.790 UN Ver producto Café premier frasco $ 3.550 UN Ver producto Café Liofilizado $ 2.890 UN Ver producto Café granulado $ 7.450 UN Ver producto Café Molido Excelso $ 5.000 UN -18% $ 6.090 UN Ver producto Café Liofilizado Cronat Gold Jacobs 100 g $ 7.400 UN -10% $ 8.190 UN Ver producto Café Instantáneo En Polvo Descafeinado $ 6.390 UN Ver producto Café Instantáneo Primera Selección $ 2.950 UN Ver producto Café Instantáneo Granulado Premier Gold 170 g $ 7.690 UN -16% $ 9.190 UN Ver producto Café primera selección $ 5.000 UN $ 5.490 UN Ver producto Café Instantáneo Primera Selección Gold 170 g $ 7.350 UN -10% $ 8.190 UN Ver producto Café Instantáneo",,7490,,,,unknown,
📍,📍 Elige un método de entrega Despacho a domicilio o retiro en tienda Inicio Unimarc Unimarc colun Leche entera natural Colun sin tapa 1 L 1 litro Sku: 000000000000007390-UN $1.300 ( $1.300 x L ) Agregar Información del producto Descripción La leche entera de larga vida Colun es elaborada a partir de pura leche natural de vacas sanas que pastan en praderas verdes de la lluviosa región de los Rios de Chile. Producto sin gluten certificado por fundación convivir. Producto certificado Kosher.Características: Leches blancas - Colun - Entera - Sin gluten - Sin sellos - Envase tetra - Formato familiar - Contenido 1 L. Loading... Loading... Loading... Loading... Loading... Loading... Loading... Loading... Loading... Loading... Loading... Loading... Loading... Loading... Loading... Loading... Loading... Loading... Loading... Loading... Loading... Loading... Loading... Loading...,,1300,,,,unknown,
Home,"Home Desayuno y Dulces Café ¡Qué mal! Justo se agotó LAVAZZA Café Molido 250 GR $ 13.200 UN Descripción Café Tostado y Molido Qualita Oro Lavazza 250g | Actualizado al: 02-06-2025 Ingredientes: Café tostado molido 100% arábica. Certificados: Apto para APLV Libre de Lactosa Vegano Vegetariano Libre de Soya Libre de Huevo Libre de Peces Libre de Mariscos Libre de Maní Libre de Frutos Secos Libre de Nueces Libre de Sulfitos Libre de Trigo Información Nutricional: Importante: La información del empaque y/o contenido del producto final puede diferir respecto a lo que mostramos en nuestro sitio web, tanto a nivel de ingredientes, trazas, información nutricional, sellos, modo de uso y/o modo de conservación. Usted no debe basarse únicamente en la información que se muestra en nuestro sitio web y siempre debe leer las etiquetas, advertencias e instrucciones antes de usar o consumir un producto. Información obtenida de CAFE LAVAZZA QUALITA ORO TARRO 250G Productos similares Café Instantaneo Prontissimo $ 9.750 UN Ver producto Café Starbucks Mocha 4 Un $ 3.950 UN Ver producto NESCAFE DOLCA TARRO 195GR $ 4.390 UN -29% $ 6.150 UN Ver producto Café Fina Selección $ 3.990 UN -10% $ 4.450 UN Ver producto Café Clásico $ 5.350 UN Ver producto DESCAFEINADO NESCAFE 170GR $ 7.650 UN Ver producto Café Liofilizado $ 2.890 UN Ver producto Café Instantáneo Lata $ 9.990 UN Ver producto Café Descafeinado $ 5.050 UN Ver producto Café Descafeinado $ 2.590 UN Ver producto Café Tradición Frasco $ 6.190 UN $ 6.650 UN Ver producto Café Fina Selección Espresso Frasco $ 6.290 UN -40% $ 10.550 UN Ver producto Café Tradición Tarro $ 4.990 UN Ver producto Café $ 1.690 UN Ver producto Cafe Liofilizado $ 6.990 UN Ver producto Café Liofilizado $ 3.690 UN Ver producto Café Moka Súper Molido $ 4.990 UN Ver producto ¡Juntos son mejores! Café Instantáneo Nescafe Fina Selección 200 g $ 11.490 UN Ver producto Azúcar Rubia $ 1.390 UN Ver producto",,13200,,,,unknown,
Home,"Home Congelados Verduras Congeladas Devolver este producto es gratis Conoce los plazos y exclusiones del derecho a retracto y la satisfacción garantizada. FRUTOS DEL MAIPO Código del producto: 110622493 Cód. tienda: 20137928 Papas Duquesas Congeladas Frutos del Maipo 1 Kg 1 KG $ 3.990 UN -20% $ 4.990 UN Acumula hasta 26 CMR Puntos Agregar al Carro Descripción Papas Congeladas Duquesas Frutos del Maipo 1kg | Actualizado al: 12-05-2025 Ingredientes: Papas, Aceite de maravilla, Sal, Dextrosa, Pimienta blanca, Hidroxipropilmetilcelulosa. Certificados: Libre de Gluten / Sin TACC Apto para APLV Libre de Lactosa Libre de Soya Libre de Huevo Libre de Peces Libre de Mariscos Libre de Maní Libre de Frutos Secos Libre de Nueces Libre de Sulfitos Libre de Trigo Vegano Vegetariano Información Nutricional: Porción: 13 Unidades Aprox (85g) Porciones por envase: 12 100g 1 Porción Energía (kCal) 159 135.2 Proteínas (g) 2.4 2 Grasas Totales (g) 6.7 5.7 Grasas saturadas (g) 0.7 0.6 Grasas monoinsaturadas (g) 2.3 2 Grasas poliinsaturadas (g) 3.7 3.1 Grasas trans (g) 0 0 Colesterol (mg) 10 8.5 Hidratos de carbono disponibles (g) 22.3 19 Azúcares totales (g) 0.6 0.5 Fibra (g) 2.6 2.2 Sodio (mg) 305 259.3 Importante: La información del empaque y/o contenido del producto final puede diferir respecto a lo que mostramos en nuestro sitio web, tanto a nivel de ingredientes, trazas, información nutricional, sellos, modo de uso y/o modo de conservación. Usted no debe basarse únicamente en la información que se muestra en nuestro sitio web y siempre debe leer las etiquetas, advertencias e instrucciones antes de usar o consumir un producto. Información obtenida de PAPAS DUQUESA F.MAIPO 1 KG. Productos similares Papas Prefritas Congeladas Frutos de Maipo 1 Kg $ 3.990 UN -15% $ 4.690 UN Ver producto Papas en Cubo Congeladas Frutos de Maipo 750 g $ 4.550 UN Ver producto Papas Duquesas Sabor Pastelera Congeladas Frutos del Maipo 350 g $ 3.990 UN Ver producto Papas Duquesas Sabor BBQ Congeladas Frutos ",,3990,,,,unknown,
📍,"📍 Elige un método de entrega Despacho a domicilio o retiro en tienda Inicio Unimarc Unimarc Cyberazo loncoleche Leche entera sin lactosa Loncoleche con tapa 1 L 1 litro Sku: 000000000000158375-UN 27% $1.085 ( $1.085 x l ) $1.490 ( $1.490 x l ) Agregar Información del producto Descripción La mayoría de la población adulta en el mundo no digiere adecuadamente la lactosa de la leche, es por eso que la leche sin lactosa entera Loncoleche entrega una alternativa a las personas que tienen este problema. Producto sin gluten certificado por fundación convivir. Producto certificado Kosher.Características: Leche sin lactosa - Loncoleche - Entera - Sin lactosa - Sin sellos - Envase Caja - Formato familiar - Contenido 1 L. Loading... Loading... Loading... Loading... Loading... Loading... Loading... Loading... Loading... Loading... Loading... Loading... Loading... Loading... Loading... Loading... Loading... Loading... Loading... Loading... Loading... Loading... Loading... Loading...",,1085,,,,unknown,
Home,"Home Panadería y Pastelería Panadería Devolver este producto es gratis Conoce los plazos y exclusiones del derecho a retracto y la satisfacción garantizada. CASTAÑO Código del producto: 115808660 Cód. tienda: 20740854 Pan Molde Blanco 570 GR $ 2.490 UN Acumula hasta 16 CMR Puntos Agregar al Carro Descripción Pan de Molde sin Lactosa Blanco Castaño 570g | Actualizado al: 22-04-2025 Ingredientes: Harina de trigo, Agua, Levadura, Azúcar, Aceite de maravilla, Antioxidante tocoferoles, Sal, Gluten, Propionato de calcio, Ácido láctico, Mono y diglicéridos de ácidos grasos, Ácido sórbico, Ácido ascórbico. Alérgenos: Gluten. Trazas: Leche, Soya, Nueces, Avena, Maíz, Quinua, Semillas de amapola, Semillas de calabaza, Semillas de chía, Semillas de linaza, Semillas de maravilla, Semillas de sésamo. Certificados: Libre de Huevo Libre de Peces Libre de Mariscos Libre de Maní Libre de Sulfitos Libre de Lactosa Vegano Vegetariano Información Nutricional: Porción: 2 Rebanadas (48g) Porciones por envase: 12 100g 1 Porción Energía (kCal) 261 125.3 Proteínas (g) 9.2 4.4 Grasas Totales (g) 3.9 1.9 Grasas saturadas (g) 0.5 0.2 Grasas monoinsaturadas (g) 0.5 0.2 Grasas poliinsaturadas (g) 0.9 0.4 Grasas trans (g) 0 0 Colesterol (mg) 0 0 Hidratos de carbono disponibles (g) 47.1 22.6 Azúcares totales (g) 2.1 1 Fibra (g) 2.7 1.3 Sodio (mg) 371 178.1 Importante: La información del empaque y/o contenido del producto final puede diferir respecto a lo que mostramos en nuestro sitio web, tanto a nivel de ingredientes, trazas, información nutricional, sellos, modo de uso y/o modo de conservación. Usted no debe basarse únicamente en la información que se muestra en nuestro sitio web y siempre debe leer las etiquetas, advertencias e instrucciones antes de usar o consumir un producto. Información obtenida de PAN MOLDE BLANCO 570 GR Productos similares Pan de Molde Blanco Familiar $ 3.090 UN Ver producto Pan de Molde Multigrano $ 2.490 UN Ver producto Pan de Molde Blanco Castaño 400 g $ 1.790 UN Ver ",,2490,,,,unknown,
📍,"📍 Elige un método de entrega Despacho a domicilio o retiro en tienda Inicio Unimarc Unimarc frutas y verduras Manzana royal gala granel 500 g 500 g Sku: 000000000000037986-KG $1.295 ( $2.590 x kg ) Agregar Información del producto Descripción Esta manzana de color rojo (del rojo más claro al más oscuro) es una de las más populares. SABOR Dulce, con un equilibrado aroma y con baja acidez. TEXTURA Pequeña, firme y crujiente... ¡Simplemente deliciosa! Loading... Loading... Loading... Loading... Loading... Loading... Loading... Loading... Loading... Loading... Loading... Loading... Loading... Loading... Loading... Loading... Loading... Loading... Loading... Loading... Loading... Loading... Loading... Loading...",,1295,,,,unknown,
Home,"Home Panadería y Pastelería Panadería Devolver este producto es gratis Conoce los plazos y exclusiones del derecho a retracto y la satisfacción garantizada. PAN PIERRE Código del producto: 110623752 Cód. tienda: 20101970 Pan de Molde Integral Grande 580 GR $ 2.990 UN Acumula hasta 19 CMR Puntos Agregar al Carro Descripción Pan de Molde Integral Grande Pan Pierre 580g | Actualizado al: 24-02-2025 Ingredientes: Harina de trigo, Harina de trigo integral de grano entero, Agua, Levadura, Salvado de trigo, Gluten de trigo, Aceite de soya, Aceite de maravilla, Antioxidante tbhq, Sal, Azúcar, Propionato de calcio, Goma guar, Ácido láctico, Mono y diglicéridos de ácidos grasos, Estearoil lactilato de sodio, Color caramelo, Ácido sórbico, Ácido ascórbico, Gluten. Alérgenos: Gluten. Trazas: Leche, Soya, Nueces, Semillas de sésamo. Certificados: Libre de Lactosa Libre de Huevo Libre de Peces Libre de Mariscos Libre de Maní Libre de Sulfitos Información Nutricional: Porción: 2 Rebanadas (48g) Porciones por envase: 12 100g 1 Porción Energía (kCal) 244 117.1 Proteínas (g) 10.8 5.2 Grasas Totales (g) 2.9 1.4 Grasas saturadas (g) 0.8 0.4 Grasas monoinsaturadas (g) 0.7 0.3 Grasas poliinsaturadas (g) 1.5 0.7 Grasas trans (g) 0 0 Colesterol (mg) 0 0 Hidratos de carbono disponibles (g) 43 20.6 Azúcares totales (g) 2 1 Fibra (g) 5.3 2.5 Sodio (mg) 397 190.6 Importante: La información del empaque y/o contenido del producto final puede diferir respecto a lo que mostramos en nuestro sitio web, tanto a nivel de ingredientes, trazas, información nutricional, sellos, modo de uso y/o modo de conservación. Usted no debe basarse únicamente en la información que se muestra en nuestro sitio web y siempre debe leer las etiquetas, advertencias e instrucciones antes de usar o consumir un producto. Información obtenida de PAN MOLDE INTEGRAL GRANDE 580 GR PAN PIERRE Productos similares Pan de Molde Integral XL Pierre 700 g $ 2.000 UN -28% $ 2.790 UN Ver producto Pan de Molde Artesano Integral $ 3.000 UN",,2990,,,,unknown,
Verifica tu identidad,Verifica tu identidad Mantén presionado el botón para confirmar que no eres un robot.,,,,,,unknown,
📍,📍 Elige un método de entrega Despacho a domicilio o retiro en tienda Inicio Unimarc Unimarc Cyberazo carozzi Pasta spaghetti N° 5 Carozzi 400 g 400 g Sku: 000000000000006442-UN 33% $690 ( $1.725 x kg ) $1.030 ( $2.575 x kg ) Agregar Información del producto Descripción Semola de trigos duros seleccionados. Características: Largos - Carozzi - Envase bolsa - Formato familiar - Contenido 400 g. Loading... Loading... Loading... Loading... Loading... Loading... Loading... Loading... Loading... Loading... Loading... Loading... Loading... Loading... Loading... Loading... Loading... Loading... Loading... Loading... Loading... Loading... Loading... Loading...,,690,,,,unknown,
Home,"Home Panadería y Pastelería Panadería Devolver este producto es gratis Conoce los plazos y exclusiones del derecho a retracto y la satisfacción garantizada. CENA Código del producto: 124227300 Cód. tienda: 21287795 Pan de Molde Blanco XL Cena 740 g 740 GR $ 2.590 UN Acumula hasta 17 CMR Puntos Agregar al Carro Descripción Pan de Molde Blanco Familiar Xl Cena 740g | Actualizado al: 24-04-2025 Ingredientes: Harina de trigo, Agua, Levadura, Azúcar, Gluten, Sal, Aceite de maravilla, Tocoferoles, Ácido láctico, Ácido sórbico, Datem, Propionato de calcio, Mono y diglicéridos de ácidos grasos, Ácido ascórbico, Fibra de soya, Saborizante natural, Soya. Alérgenos: Gluten, Soya. Trazas: Nuez. Certificados: Libre de Huevo Libre de Peces Libre de Mariscos Libre de Maní Libre de Sulfitos Libre de Lactosa Información Nutricional: Porción: 2 Unidades (51g) Porciones por envase: 15 100g 1 Porción Energía (kCal) 241 122.9 Proteínas (g) 10 5.1 Grasas Totales (g) 1.9 1 Grasas saturadas (g) 0.5 0.3 Grasas monoinsaturadas (g) 0.3 0.2 Grasas poliinsaturadas (g) 0.9 0.5 Grasas trans (g) 0 0 Colesterol (mg) 0 0 Hidratos de carbono disponibles (g) 46 23.5 Azúcares totales (g) 3.4 1.7 Sodio (mg) 386 196.9 Importante: La información del empaque y/o contenido del producto final puede diferir respecto a lo que mostramos en nuestro sitio web, tanto a nivel de ingredientes, trazas, información nutricional, sellos, modo de uso y/o modo de conservación. Usted no debe basarse únicamente en la información que se muestra en nuestro sitio web y siempre debe leer las etiquetas, advertencias e instrucciones antes de usar o consumir un producto. Información obtenida de PAN BLANCO XL CENA 740 GR Productos similares Pan de Molde Blanco XL Castaño 700 g $ 2.790 UN Ver producto Pan de Molde Blanco XL Pierre 700 g $ 2.000 UN -28% $ 2.790 UN Ver producto Pan de Molde Integral Fibra XL Cena 750 g $ 2.890 UN Ver producto Pan de Molde Blanco XL Ideal 750 g $ 2.490 UN -14% $ 2.890 UN Ver producto Pan de Molde Blanc",,2590,,,,unknown,
Home,"Home Bebidas, Aguas y Jugos Bebidas Devolver este producto es gratis Conoce los plazos y exclusiones del derecho a retracto y la satisfacción garantizada. COCA COLA Código del producto: 110610243 Cód. tienda: 01018210 Bebida Coca Cola Original 1.5 L 1.5 LT $ 1.990 UN Acumula hasta 13 CMR Puntos Agregar al Carro Descripción Bebida Gaseosa Original Coca-Cola 1.5lt | Actualizado al: 23-03-2025 Ingredientes: Agua carbonatada, Azúcar, Color caramelo, Ácido fosfórico, Saborizantes naturales, Cafeína, Sucralosa. Certificados: Apto para APLV Libre de Lactosa Vegano Vegetariano Libre de Soya Libre de Huevo Libre de Peces Libre de Mariscos Libre de Maní Libre de Frutos Secos Libre de Nueces Libre de Sulfitos Libre de Trigo Kosher Información Nutricional: Porción: 1 Vaso (200ml) Porciones por envase: 8 100ml 1 Porción Energía (kCal) 32 64 Proteínas (g) 0 0 Grasas Totales (g) 0 0 Hidratos de carbono disponibles (g) 7.8 15.6 Azúcares totales (g) 7.8 15.6 Sodio (mg) 0 0 Importante: La información del empaque y/o contenido del producto final puede diferir respecto a lo que mostramos en nuestro sitio web, tanto a nivel de ingredientes, trazas, información nutricional, sellos, modo de uso y/o modo de conservación. Usted no debe basarse únicamente en la información que se muestra en nuestro sitio web y siempre debe leer las etiquetas, advertencias e instrucciones antes de usar o consumir un producto. Información obtenida de BEBIDA COCA COLA 1500 CC. DES.. Productos similares Bebida Coca Cola Light 1.5 L $ 1.990 UN Ver producto Bebida Coca Cola Original 2.5 L $ 2.780 UN $ 2.890 UN Ver producto Bebida Coca Cola Sin Azúcar 1.5 L $ 1.990 UN Ver producto Bebida Coca Cola Original 3 L $ 2.450 UN -23% $ 3.190 UN Ver producto Bebida Coca Cola Zero 1 L $ 1.000 UN -33% $ 1.490 UN Ver producto BEBIDA COCA COLA LIGHT 1 LT. DES. $ 1.000 UN -22% $ 1.289 UN Ver producto Bebida Coca Cola Light 2.5 L $ 2.780 UN Ver producto Bebida Coca Cola Sin Azúcar 2.5 L $ 2.780 UN Ver producto Bebida Coca Cola $ ",,1990,,,,unknown,
📍,"📍 Elige un método de entrega Despacho a domicilio o retiro en tienda Inicio Unimarc Unimarc talliani Pasta spaghetti N° 5 Talliani al huevo 400 g 400 g Sku: 000000000000006486-UN $1.330 ( $3.325 x kg ) Agregar Información del producto Descripción Todas las pastas talliani están hechas de huevos frescos evocando la alta gastronomía italiana. Esto se traduce en una pasta con una textura inconfundible y ligeramente rugosa, con lo cual se adhiere mejor la salsa de tomates. Producto certificado Kosher.Características: Largos - Talliani - Envase bolsa - Formato familiar - Contenido 400 g. Loading... Loading... Loading... Loading... Loading... Loading... Loading... Loading... Loading... Loading... Loading... Loading... Loading... Loading... Loading... Loading... Loading... Loading... Loading... Loading... Loading... Loading... Loading... Loading...",,1330,,,,unknown,
Home,"Home Bebidas, Aguas y Jugos Bebidas Devolver este producto es gratis Conoce los plazos y exclusiones del derecho a retracto y la satisfacción garantizada. PEPSI Código del producto: 110615505 Cód. tienda: 01018418 Bebida Pepsi 1.5 L 1.5 LT $ 1.990 UN $ 2.050 UN Acumula hasta 13 CMR Puntos 3ra U a $1 Agregar al Carro Descripción Bebida de Fantasía Pepsi 1.5lt | Actualizado al: 21-05-2025 Ingredientes: Agua carbonatada, Azúcar, Colorante caramelo, Ácido fosfórico, Saborizantes naturales, Cafeína, Acesulfamo de potasio, Sucralosa. Certificados: Apto para APLV Libre de Lactosa Vegano Vegetariano Libre de Soya Libre de Huevo Libre de Peces Libre de Mariscos Libre de Maní Libre de Frutos Secos Libre de Nueces Libre de Sulfitos Libre de Trigo Kosher Información Nutricional: Porción: 1 Vaso (200ml) Porciones por envase: 8 100ml 1 Porción Energía (kCal) 28 56 Proteínas (g) 0 0 Grasas Totales (g) 0 0 Hidratos de carbono disponibles (g) 7 14 Azúcares totales (g) 7 14 Sodio (mg) 5 10 Importante: La información del empaque y/o contenido del producto final puede diferir respecto a lo que mostramos en nuestro sitio web, tanto a nivel de ingredientes, trazas, información nutricional, sellos, modo de uso y/o modo de conservación. Usted no debe basarse únicamente en la información que se muestra en nuestro sitio web y siempre debe leer las etiquetas, advertencias e instrucciones antes de usar o consumir un producto. Información obtenida de BEBIDA PEPSI 1500 CC. DESECH.. Productos similares Bebida Pepsi 3 L $ 2.290 UN -27% $ 3.150 UN Ver producto BEBIDA PEPSI 2.5 LT DESECHABLE.. $ 2.690 UN Ver producto Bebida Bilz 1.5 L $ 1.990 UN $ 2.050 UN Ver producto Bebida Pepsi Zero 3 L $ 2.290 UN -27% $ 3.150 UN Ver producto Bebida Pepsi 2 L $ 2.390 UN Ver producto Bebida Pap 3 L $ 3.150 UN Ver producto Bebida Pap Zero 3 L $ 3.150 UN Ver producto BEBIDA INCA KOLA 1.5 LT DES.. $ 1.990 UN Ver producto Bebida Sprite Sin Azúcar 1.5 L $ 1.990 UN Ver producto Bebida Bilz Zero 3 L $ 3.150 UN Ver produ",,1990,,,,unknown,
📍,"📍 Elige un método de entrega Despacho a domicilio o retiro en tienda Inicio Unimarc Unimarc Cyberazo lucchetti Pasta spaghetti N° 5 Lucchetti 400 g 400 g Sku: 000000000000006531-UN 2 x $1.440 ( $1.800 x kg ) $1.030 c/u ( $2.575 x kg ) Agregar Información del producto Descripción Pasta libre de colesterol, con bajo aporte en grasas y buena fuente de proteína. Rinde 5 porciones. Características: Largos - Lucchetti - Envase bolsa - Formato familiar - Contenido 400 g. Loading... Loading... Loading... Loading... Loading... Loading... Loading... Loading... Loading... Loading... Loading... Loading... Loading... Loading... Loading... Loading... Loading... Loading... Loading... Loading... Loading... Loading... Loading... Loading...",,1440,,,,unknown,
Home,"Home Bebidas, Aguas y Jugos Bebidas Devolver este producto es gratis Conoce los plazos y exclusiones del derecho a retracto y la satisfacción garantizada. GINGER ALE Código del producto: 110616895 Cód. tienda: 20011576 Bebida Ginger Ale Canada Dry 1.5 LT $ 1.990 UN $ 2.050 UN Acumula hasta 13 CMR Puntos 3ra U a $1 Agregar al Carro Descripción Bebida de Fantasía Ginger Ale Canada Dry 1.5lt | Actualizado al: 28-01-2025 Ingredientes: Agua carbonatada, Azúcar, Ácido cítrico, Saborizante natural, Benzoato de sodio, Colorante caramelo. Certificados: Apto para APLV Libre de Lactosa Vegano Vegetariano Libre de Soya Libre de Huevo Libre de Peces Libre de Mariscos Libre de Maní Libre de Frutos Secos Libre de Nueces Libre de Sulfitos Libre de Trigo Kosher Información Nutricional: Porción: 1 Vaso (200ml) Porciones por envase: 8 100ml 1 Porción Energía (kCal) 36 72 Proteínas (g) 0 0 Grasas Totales (g) 0 0 Hidratos de carbono disponibles (g) 9 18 Azúcares totales (g) 9 18 Sodio (mg) 7 14 Importante: La información del empaque y/o contenido del producto final puede diferir respecto a lo que mostramos en nuestro sitio web, tanto a nivel de ingredientes, trazas, información nutricional, sellos, modo de uso y/o modo de conservación. Usted no debe basarse únicamente en la información que se muestra en nuestro sitio web y siempre debe leer las etiquetas, advertencias e instrucciones antes de usar o consumir un producto. Información obtenida de BEBIDA GINGER ALE CANADA DRY DESECH 1.5 LT.. Productos similares Bebida Ginger Ale Canada Dry $ 2.390 UN $ 2.590 UN Ver producto Bebida Ginger Ale Canada Dry 3 L $ 3.150 UN Ver producto Bebida Ginger Ale $ 2.050 UN -13% $ 2.350 UN Ver producto Bebidas Ginger Ale Lata $ 4.000 UN -38% $ 6.490 UN Ver producto Bebidas Canada Dry Ginger Ale Zero Lata $ 4.000 UN -38% $ 6.490 UN Ver producto Bebida Light $ 1.990 UN $ 2.050 UN Ver producto Bebida Zero $ 1.990 UN $ 2.050 UN Ver producto Bebida Ginger Ale Sin Azúcar $ 2.050 UN -13% $ 2.350 UN Ver producto ",,1990,,,,unknown,
📍,"📍 Elige un método de entrega Despacho a domicilio o retiro en tienda Inicio Unimarc Unimarc ariztia Pollo entero Ariztía con menudencias (1.5 a 2.5 Kg) 2.5 kg Sku: 000000000000051706-KG $9.975 ( $3.990 x kg ) Agregar Información del producto Descripción Pollo Entero con menudencia Ariztía. Los precios de los productos son por kilo y el peso indicado es aproximado, por lo que en su boleta se cobrará el peso y valor exacto. Producto sin gluten certificado por fundación convivir. Loading... Loading... Loading... Loading... Loading... Loading... Loading... Loading... Loading... Loading... Loading... Loading... Loading... Loading... Loading... Loading... Loading... Loading... Loading... Loading... Loading... Loading... Loading... Loading...",,9975,,,,unknown,
Home,"Home Bebidas, Aguas y Jugos Bebidas Devolver este producto es gratis Conoce los plazos y exclusiones del derecho a retracto y la satisfacción garantizada. INCA KOLA Código del producto: 115807360 Cód. tienda: 20053924 BEBIDA INCA KOLA 1.5 LT DES.. 1.5 LT $ 1.990 UN Acumula hasta 13 CMR Puntos Agregar al Carro Descripción Bebida de Fantasía Original Inca Kola 1.5lt | Actualizado al: 28-04-2025 Ingredientes: Agua carbonatada, Azúcar, Ácido cítrico, Benzoato de sodio, Cafeína, Saborizantes naturales, Saborizantes artificiales, Tartrazina. Certificados: Apto para APLV Libre de Lactosa Vegano Vegetariano Libre de Soya Libre de Huevo Libre de Peces Libre de Mariscos Libre de Maní Libre de Frutos Secos Libre de Nueces Libre de Sulfitos Libre de Trigo Información Nutricional: Porción: 1 Vaso (200ml) Porciones por envase: 8 100ml 1 Porción Energía (kCal) 42 84 Proteínas (g) 0 0 Grasas Totales (g) 0 0 Hidratos de carbono disponibles (g) 10 20 Azúcares totales (g) 10.2 20.4 Sodio (mg) 0 0 Importante: La información del empaque y/o contenido del producto final puede diferir respecto a lo que mostramos en nuestro sitio web, tanto a nivel de ingredientes, trazas, información nutricional, sellos, modo de uso y/o modo de conservación. Usted no debe basarse únicamente en la información que se muestra en nuestro sitio web y siempre debe leer las etiquetas, advertencias e instrucciones antes de usar o consumir un producto. Información obtenida de BEBIDA INCA KOLA 1.5 LT DES.. Productos similares BEBIDA INCA KOLA 3 LT $ 2.390 UN -29% $ 3.350 UN Ver producto Bebida Kem Piña Zero 3 L $ 3.150 UN Ver producto BEBIDA INCA KOLA ZERO 1500 CC DES. $ 1.990 UN Ver producto Bebida Sprite Sin Azúcar 1.5 L $ 1.990 UN Ver producto Bebida Sprite 2.5 L $ 2.690 UN Ver producto BEBIDA PEPSI 2.5 LT DESECHABLE.. $ 2.690 UN Ver producto Bebida Fanta Original 1.5 Lt $ 1.990 UN $ 2.090 UN Ver producto Bebida Inca Kola Original 1.75 L $ 2.250 UN Ver producto Bebida Pap 3 L $ 3.150 UN Ver producto Bebida Pap Z",,1990,,,,unknown,
📍,📍 Elige un método de entrega Despacho a domicilio o retiro en tienda Inicio Unimarc Unimarc super pollo Pollo entero Super Pollo con menudencias 3 Kg 3 kg Sku: 000000000000051704-KG $11.970 ( $3.990 x kg ) Agregar Información del producto Descripción Pollo entero Super Pollo con menudencias 3 Kg Loading... Loading... Loading... Loading... Loading... Loading... Loading... Loading... Loading... Loading... Loading... Loading... Loading... Loading... Loading... Loading... Loading... Loading... Loading... Loading... Loading... Loading... Loading... Loading...,,11970,,,,unknown,
Verifica tu identidad,Verifica tu identidad Mantén presionado el botón para confirmar que no eres un robot.,,,,,,unknown,
Home,"Home Bebidas, Aguas y Jugos Bebidas Devolver este producto es gratis Conoce los plazos y exclusiones del derecho a retracto y la satisfacción garantizada. CRUSH Código del producto: 110620859 Cód. tienda: 20042393 Bebida Crush 1.5 LT $ 1.990 UN $ 2.050 UN Acumula hasta 13 CMR Puntos 3ra U a $1 Agregar al Carro Descripción Bebida Gaseosa Naranja Crush 1.5lt | Actualizado al: 02-04-2025 Ingredientes: Agua carbonatada, Azúcar, Ácido cítrico, Saborizantes naturales, Sorbato de potasio, Benzoato de sodio, Sucralosa, Acesulfamo de potasio, Ácido ascórbico, Amarillo crepúsculo, Rojo allura ac. Certificados: Libre de Gluten / Sin TACC Apto para APLV Libre de Lactosa Vegano Vegetariano Libre de Soya Libre de Huevo Libre de Peces Libre de Mariscos Libre de Maní Libre de Frutos Secos Libre de Nueces Libre de Sulfitos Libre de Trigo Kosher Información Nutricional: Porción: 1 Vaso (200ml) Porciones por envase: 8 100ml 1 Porción Energía (kCal) 16 32 Proteínas (g) 0 0 Grasas Totales (g) 0 0 Hidratos de carbono disponibles (g) 4 8 Azúcares totales (g) 4 8 Sodio (mg) 14 28 Importante: La información del empaque y/o contenido del producto final puede diferir respecto a lo que mostramos en nuestro sitio web, tanto a nivel de ingredientes, trazas, información nutricional, sellos, modo de uso y/o modo de conservación. Usted no debe basarse únicamente en la información que se muestra en nuestro sitio web y siempre debe leer las etiquetas, advertencias e instrucciones antes de usar o consumir un producto. Información obtenida de BEBIDA CRUSH 1500 CC. DESECH. Productos similares Bebida Crush $ 2.390 UN $ 2.590 UN Ver producto Bebida Kem $ 2.390 UN $ 2.590 UN Ver producto Bebida Kem $ 1.990 UN $ 2.050 UN Ver producto Bebida Pap $ 2.390 UN $ 2.590 UN Ver producto Bebida Pap $ 1.990 UN $ 2.050 UN Ver producto Bebida Crush Zero 1.5 Lt $ 1.990 UN $ 2.050 UN Ver producto Bebida Zero $ 1.990 UN $ 2.050 UN Ver producto Bebida Kem Piña 3 L $ 3.150 UN Ver producto Bebida Bilz $ 2.390 UN $ 2.590 UN V",,1990,,,,unknown,
📍,"📍 Elige un método de entrega Despacho a domicilio o retiro en tienda Inicio Unimarc Unimarc merkat Pasta spaghetti N°5 Merkat 400 g 400 g Sku: 000000000000355618-UN $490 ( $1.225 x kg ) Agregar Información del producto Descripción Pasta spaghetti N°5 Merkat, 400 g Loading... Loading... Loading... Loading... Loading... Loading... Loading... Loading... Loading... Loading... Loading... Loading... Loading... Loading... Loading... Loading... Loading... Loading... Loading... Loading... Loading... Loading... Loading... Loading...",,490,,,,unknown,
Makro,"Makro Desayunos Café e Infusiones Café Instantáneo | SKU: 20468814 Café Instantáneo ALTOMAYO Armónico Doypack 150g Vea Days Supermercado marzo | Ver todo | SKU: 20468814 Café Instantáneo ALTOMAYO Armónico Doypack 150g Delivery Express Envío gratis Delivery Express 5un = 1Kg(aprox) | Este producto solo está disponible para “DELIVERY EXPRESS” , te llegará entre 60 a 90 min. Amplía la línea de crédito de tu tarjeta Precio x kg Precio Regular s/ 4 .99 Precio Online s/ 4 .99 -42% Tarjeta s/ 4 .99 Dcto. exclusivo -62% Compra en cuotas, sin intereses con Tarjeta Oh! A partir de s/1999 en electro, colchones y deportes * Válido de 6 a 36 cuotas del 5 al 9 de julio. ¡Pide tu Tarjeta Oh! Calcula tus cuotas Elige el número de cuotas Sin cuotas 2 cuotas 3 cuotas 4 cuotas 5 cuotas 6 cuotas 7 cuotas 8 cuotas 9 cuotas 10 cuotas 11 cuotas 12 cuotas 13 cuotas 14 cuotas 15 cuotas 16 cuotas 17 cuotas 18 cuotas 19 cuotas 20 cuotas 21 cuotas 22 cuotas 23 cuotas 24 cuotas 25 cuotas 26 cuotas 27 cuotas 28 cuotas 29 cuotas 30 cuotas 31 cuotas 32 cuotas 33 cuotas 34 cuotas 35 cuotas 36 cuotas Pago mensual Solicita tu Tarjeta Oh! *El valor de la cuota podría variar en función a la fecha de facturación y pago del cliente. 2 unidades disponibles PRODUCTO AGOTADO Elige la opción que deseas: - Adicionar Súper Garantía Sin Proteccion adicional *El costo de la garantía se aplica sobre el precio unitario. Servicios adicionales Selecciona ¿Qué debemos considerar al comprar este producto? Puedes agregar una nota Agregar comentario Nota agregada 0.2kg S/ 16.92 - Cancelar + Aceptar PRODUCTO AGOTADO Agregar 10 + unidades disponibles Comprar Produto Esgotado Vendido y despachado por: Métodos de pago: Pago online con Componentes del Producto Vendido por plazaVea Especificaciones Presentación/Empaque Doypack Café Puro Sí Libre De Cafeína No Orgánico No Azúcares Por Porción 0.78 g / 100 g Calorías Por Porción 347.00 kcal / 100 g Carbohidratos Por Porción 65.10 g / 100 g Descripción Nutricional Energía: 347.0",,1692,,,,unknown,
¿Cómo comprar?,"¿Cómo comprar? Contáctanos al 800-8000-722 (línea gratuita) Mis listas Entrar Mis pedidos ₡ 0 Abarrotes Arroz, Frijol y Semillas Frijol Frijol rojo Carolina premium - 800 g EAN : 7441078256686 ₡ 1.700 Frijol rojo Carolina premium - 800 g Cargando comentarios… Comentarios Frijol rojo Carolina premium - 800 g ₡ 1.700",,,,,,unknown,
Home,"Home Frutas y Verduras Verduras Devolver este producto es gratis Conoce los plazos y exclusiones del derecho a retracto y la satisfacción garantizada. VERDURAS Código del producto: 116165193 Cód. tienda: 05014038 Tomate Larga Vida a Granel KG $ 2.190 KG Acumula hasta 7 CMR Puntos Agregar al Carro Especificaciones Advertencias de almacenamiento Almacenar en un lugar fresco, seco y alejado del calor Descripción TOMATE LARGA VIDA Productos similares Tomate Beef a Granel $ 2.490 KG Ver producto ¡Juntos son mejores! Cebolla a Granel $ 1.600 KG Ver producto Pepino Ensalada $ 750 UN Ver producto Ají Verde Extra a Granel $ 5.590 KG Ver producto Cebolla en Malla 1 Kg $ 1.590 UN Ver producto Papa en Malla 2 Kg $ 2.690 UN Ver producto Papa a Granel $ 1.690 KG Ver producto",,2190,,,,unknown,
Bebidas,"Bebidas Cafés e Chás Cafe Melitta Soluvel Extra Forte Sachê Com 40g Cafe Melitta Soluvel Extra Forte Sachê Com 40g Marca: Melitta - Cod: 324917092 Este produto não está disponível no momento Produtos Patrocinados Patrocinado Vodka Destilada Smirnoff Garrafa 998ml R$ 36,90 -18% R$ 30,29 Adicionar Patrocinado Vodka Cîroc 750ml R$ 199,90 -18% R$ 163,89 Adicionar Patrocinado Vodka Smirnoff 600ml R$ 23,90 -15% R$ 20,29 Adicionar Patrocinado Vodka Destilada Smirnoff Garrafa 1,75L R$ 54,90 -18% R$ 44,99 Adicionar Descrição do Produto Cafe Melitta Soluvel Extra Forte Sachê Com 40g Especificações Técnicas Importante SAC do Fornecedor https://www.melitta.com.br/vamosfalarprodutos?gclid=Cj0KCQjww4-hBhCtARIsAC9gR3YAl203hp4lNf4rV83juhXUH0XqmsUBs5jjzJj2TlggBH4gx3LUIKoaAuAKEALw_wcB Itens Inclusos 1 Cafe Melitta Soluvel Extra Forte Sachê Com 40g Observações Imagem meramente ilustrativa; Todas as informações divulgadas são de responsabilidade do fabricante/fornecedor; Prazo de Validade: Vide Impresso na Embalagem; A venda e o consumo de bebidas alcoólicas são proibidos para menores de 18 anos. Bebida alcoólica pode causar dependência química, e em excesso, provoca graves males à saúde. Beba com moderação.",,36.90,,,,unknown,
Cerrar,Cerrar Tu carrito está vacio Carrito Categorías Ver todo Categorías Selecciona una ubicación Cambiar Cerrar ¿Cómo te gustaría recibir tu pedido de SúperXtra? Retiro en tienda A domicilio Supermercado Despensa Menestras y granos Frijoles Nutritos 454 gr Negro Frijoles Nutritos 454 gr Negro EAN : 786465012153 $ 1.07 Acumulas 2 puntos Cantidad ＋ － Agregar al carrito Lista de compras Lista de favoritos MEDIOS DE PAGO ACERCA DE ESTE PRODUCTO Características Descripción del producto Compra Frijoles Nutritos 454 gr Negro 786465012153. Vive la experiencia de comprar en el super que te ofrece las mejores ofertas y precios en todo Panamá. Mostrar más FICHA TÉCNICA COMPLETA TU COMPRA TAMBIÉN TE PUEDE INTERESAR ¿Quieres recibir ofertas y promociones? Suscribirme MEDIOS DE PAGO SITIO SEGURO © Super Xtra. All Rights Reserved,,107,,,,unknown,
Padaria e Matinais,"Padaria e Matinais Leites Leite UHT Leite Integral UHT Italac 1 Litro Leite Integral UHT Italac 1 Litro Marca: Goiasminas - Cod: 14972 de R$ 5,15 - 10 % R$ 4,63 Condições de pagamento Adicionar ao Carrinho Essa compra destrava cashback! Saiba mais Condições de pagamento Produtos Patrocinados Patrocinado Queijo Parmesão Vigor Kg R$ 33,14 R$ 138,09/kg Adicionar Patrocinado Queijo Gorgonzola Vigor 100g R$ 14,59 Adicionar Patrocinado Queijo Brie Vigor 120g R$ 19,29 Adicionar Descrição do Produto O Leite Integral Italac tem 3% de gordura e é uma ótima fonte de proteína e cálcio. O leite é um alimento muito importante para prevenir problemas como osteoporose e para manter uma boa massa muscular. Em sua versão integral, o leite ajuda a prevenir a osteoporose, melhora o funcionamento do sistema nervoso e auxilia no controle da pressão alta. Italac é a marca de lácteos mais comprada do Brasil. São mais de 100 produtos e mais de 7 milhões de litros de leite por dia! Muito bom, não é mesmo? Então aproveite a oportunidade e compre o Leite Integral Italac aqui no Carrefour! Especificações Técnicas 3% de gordura; Rico em proteínas; Fonte de cálcio; Não contém glúten Importante SAC do Fornecedor 0800 629 988 Itens Inclusos 1 Caixa de Leite UHT Goiasminas Integral Italac 1 Litro Observações Imagem meramente ilustrativa Prazo de Validade: Vide Impresso na Embalagem. Informações do Produto Apresentação Líquido Conteúdo 1 L País Brasil Recomendações de Conservação Após Aberto, Conservar sob Refrigeração 1°C a 10°C e Consumir em até 48 Horas. Embalagem Caixa Fabricante Goiasminas Indústria de Laticínios LTDA Linha Italac Manipulação Específica Instantâneo Informações Nutricionais Sódio por 100g 52,5 mg Gorduras Saturadas por 100g 2 g Açúcar por 100g * Proteínas por 100g 2,9 g Fibras por 100g 0 g Percentual de Frutas, Legumes, Verduras e Óleos Vegetais por 100g * Escala de Sódio Não significativo Escala de Gorduras Saturadas Baixo Escala de Açúcar Baixo Escala de Proteínas Baixo Escala ",,5.15,,,,unknown,
Home,"Home Fiambres y Huevos Huevos Devolver este producto es gratis Conoce los plazos y exclusiones del derecho a retracto y la satisfacción garantizada. TOTTUS Código del producto: 111865821 Cód. tienda: 20426159 Huevo Grande Blanco 12 UN $ 3.850 UN Acumula hasta 25 CMR Puntos Agregar al Carro Descripción Huevos Grande Blanco Tottus 12Unidades | Actualizado al: 10-10-2024 Ingredientes: Huevo grande blanco. Certificados: Apto para APLV Libre de Lactosa Vegetariano Libre de Soya Libre de Peces Libre de Mariscos Libre de Maní Libre de Frutos Secos Libre de Nueces Libre de Sulfitos Libre de Trigo Información Nutricional: Porción: 1 Huevo (58g) Porciones por envase: 12 100g 1 Porción Energía (kCal) 124 71.9 Proteínas (g) 13 7.5 Grasas Totales (g) 8 4.6 Grasas saturadas (g) 3 1.7 Grasas monoinsaturadas (g) 3.6 2.1 Grasas poliinsaturadas (g) 1.4 0.8 Grasas trans (g) 0 0 Colesterol (mg) 388 225 Hidratos de carbono disponibles (g) 0.5 0.3 Azúcares totales (g) 0.5 0.3 Sodio (mg) 138 80 Importante: La información del empaque y/o contenido del producto final puede diferir respecto a lo que mostramos en nuestro sitio web, tanto a nivel de ingredientes, trazas, información nutricional, sellos, modo de uso y/o modo de conservación. Usted no debe basarse únicamente en la información que se muestra en nuestro sitio web y siempre debe leer las etiquetas, advertencias e instrucciones antes de usar o consumir un producto. Información obtenida de HUEVO GRAND BLANC 12U TOTTUS 696 GR Productos similares Huevo Grande Blanco $ 2.090 UN Ver producto Huevo Grande Color $ 2.050 UN Ver producto Huevo Grande Gallina Libre $ 4.600 UN Ver producto Huevo Color Grande $ 3.800 UN Ver producto Huevo Blanco Extra Grande $ 4.350 UN Ver producto Huevo Blanco Grande $ 4.200 UN Ver producto Huevos Blanco Grande $ 2.250 UN Ver producto Huevos Blanco Grande Yemita 12 Un $ 4.100 UN Ver producto Huevos Blancos Grandes Don Vicho 12 Un $ 3.990 UN Ver producto Huevo Color Grande $ 4.150 UN Ver producto Huevos de Colo",,3850,,,,unknown,
Home,Home Frutas y Verduras Verduras ¡Qué mal! Justo se agotó VERDURAS Tomate Cocktail Regy Envasado 250 g 250 GR $ 1.920 UN Descripción TOMATE REGY 250 GR Productos similares Tomate Cherry en Pote 250 g $ 2.390 UN Ver producto Mix Tomate de Cocktail Rocky Pote 250 g $ 1.650 UN Ver producto Tomates de Cocktail Tomateens Pote 100 g $ 1.000 UN Ver producto Tomate Cherry Cocktail Envasado 250 g $ 1.890 UN Ver producto ¡Juntos son mejores! Albahaca Selección Envasada 30 g $ 1.390 UN Ver producto Albahaca en Bolsa 100 g $ 1.650 UN Ver producto FRUTILLA POTE 300 GRS $ 2.490 UN Ver producto Lechuga Hidropónica Llollo Rosa $ 1.490 UN Ver producto Lechuga Hidropónica Española $ 1.550 UN Ver producto Lechuga Hidropónica Llollo Bionda $ 1.550 UN Ver producto Lechuga Roble $ 1.550 UN Ver producto,,1920,,,,unknown,
Verifica tu identidad,Verifica tu identidad Mantén presionado el botón para confirmar que no eres un robot.,,,,,,unknown,
Padaria e Matinais,"Padaria e Matinais Leites Leite UHT Leite Zero Lactose Semidesnatado Parmalat ZYMIL 1L... Leite Zero Lactose Semidesnatado Parmalat ZYMIL 1L Marca: Parmalat - Cod: 17146 de R$ 5,99 - 10 % R$ 5,39 Condições de pagamento Adicionar ao Carrinho Essa compra destrava cashback! Saiba mais Condições de pagamento Produtos Patrocinados Patrocinado Queijo Parmesão Vigor Kg R$ 33,14 R$ 138,09/kg Adicionar Patrocinado Queijo Gorgonzola Vigor 100g R$ 14,59 Adicionar Patrocinado Queijo Brie Vigor 120g R$ 19,29 Adicionar Descrição do Produto O leite Parmalat ZYMIL é próprio para dietas com restrição de lactose. Seidesnatado, o produto tem 3 vezes menos gordura se comparado aos leites tradicionais. Embalagem com 1 litro. Informação Nutricional (Porção de 100ml): Valor Energético: 39 kcal = 154kJ Carboidratos: 4,5g Galactose: 2,3g Lactose: 0 Proteínas: 3,0g Gorduras Totais: 1,0g Gorduras Saturadas: 0,6g Gorduras Trans: 0 Sódio: 65mg Cálcio: 105mg Diabéticos: Contém glicose e galactose. Consumir preferencialmente sob orientação de nutricionista ou médico. Especificações Técnicas Variantes Valores Diários de Gorduras Saturadas 3 Informações Nutricionais Sódio por 100g 65 mg Gorduras Saturadas por 100g 0,6 g Açúcar por 100g 4,5 g Proteínas por 100g 3 g Fibras por 100g 0 g Percentual de Frutas, Legumes, Verduras e Óleos Vegetais por 100g * Escala de Sódio Não significativo Escala de Gorduras Saturadas Não significativo Escala de Açúcar Não significativo Escala de Proteínas Baixo Escala de Fibras Não significativo Escala de Frutas, Legumes, Verduras e Óleos Vegetais Não significativo Porção 100 ml Calorias (Kcal) 39 kcal Carboidratos 4,5 g Cálcio 105 mg Valores Diários de Fibras 0 Valor Energético (KJ) 164 kj Sódio 65 mg Gorduras Saturadas 0,6 g Proteínas 3,0 g Fibras 0 g Unidade de medida do peso ml Considerar gordura adicionada Não Calorias por 100g 39 kcal Indicador Nutricional em número 1 Escala de Calorias Não Significativo Ingredientes Leite semidesnatado, enzima lactase e estabiliz",,5.99,,,,unknown,
Selecciona tu,"Selecciona tu Método de envío Iniciar sesión Categorías Tarjeta Plata Conocer mis beneficios Mis Puntos Plata Clave de redención Tarjetas de regalo y convenios ¡Regístrate acá y aprovecha todos los beneficios que Cliente Plata tiene para ti! Estas viendo productos para barranquilla ¿Tu pedido es para entrega en barranquilla? Te mostraremos los productos mas adecuados para tu ciudad Mantener Cambiar Supermercado Panadería Panadería Empacada Pan Suga Mauka 450 G Pan Suga Mauka 450 G 450 Gramos ( Gramo a $ 31 , 53 ) $ 14 . 190 Cualquier medio Item ID : 2299122 Vendido Por: Olimpica Agregar list Sabores frescos y deliciosos en cada bocado 1 list Olimpica Panecillo Olimpica Mantequilla 400 G 400 Gramos ( Gramo a $ 17 ) $ 6 . 800 $ 6.800 Cualquier medio Agregar list Sin Marca Pan Mauka de Sagú Tajado sin Gluten 450 G 450 Gramos ( Gramo a $ 32 , 89 ) $ 14 . 800 $ 14 . 800 Cualquier medio Agregar list Olimpica Pan Olimpica Mantequilla Especial 360 G 360 Gramos ( Gramo a $ 20 , 83 ) $ 7 . 500 $ 7.500 Cualquier medio Agregar list Sin Marca Pan de Arroz Spiga 360 G 360 Gramos ( Gramo a $ 39 , 44 ) $ 14 . 200 $ 14 . 200 Cualquier medio Agregar list Sin Marca Pan Perro Sagú Mauka 280 G 280 Gramos ( Gramo a $ 48 , 21 ) $ 13 . 500 $ 13 . 500 Cualquier medio Agregar Información general - Descripción del producto PAN SAGU MAUKA 450g Mostrar más Especificaciones + Especificaciones técnicas Propiedad Especificación Comentarios ☆ ☆ ☆ ☆ ☆ 0 (0 comentarios) Por favor, inicia sesión para escribir un comentario. Más reciente Ordenar por: Más reciente Más antiguo Calificación más alta Calificación más baja Todos Filtrar por: Todos 1 estrella 2 estrellas 3 estrellas 4 estrellas 5 estrellas No hay comentarios. Términos más buscados 1. lavadora 2. celulares 3. neveras 4. gillette desodorantes 5. iphone 6. estufa 7. televisores 8. colchones 9. leche 10. cafe Evalúanos",,31,,,,unknown,
Inicio,Inicio Abarrotes Café monterrey Café instantáneo clásico lata 170 g Sku: 000000000000010528-UN Precio socio Desde 3 un $4.990 c/u ($29.353 x kg) Ahorra 9% Desde 2 un $5.240 c/u ($30.824 x kg) Ahorra 5% Precio regular $5.490 c/u ($32.294 x kg) Agregar Información del producto Descripción Café instantáneo Monterrey clásico lata 170 g,,4990,,,,unknown,
Saltar al contenido principal,Saltar al contenido principal ¿Cómo quieres tus artículos? Precio en línea por KG Rebaja Cebolla Blanca por kilo Agregar a lista Agregar al registro,,,,,,unknown,
‎ ‎ ‎ ‎ ‎ ‎ ‎ ‎ ‎ ‎ ‎ ‎ ‎ ‎ ‎ ‎ ‎ ‎ ‎ ‎ ‎ ‎ ‎ ‎ ‎ ‎ ‎ ‎ ‎ ‎ ‎ ‎ ‎ ‎ ‎ ‎ ‎ ‎ ‎ ‎ ‎ ‎ ‎ ‎ ‎ ‎ ‎ ‎ ‎ ‎ ‎ ‎ ‎ ‎ ‎ ‎ ‎ ‎ ‎ ‎ ‎ ‎ ‎ ‎ ‎ ‎ ‎ ‎ ‎ ‎ Hazte Socio Diamante para disfrutar de ofertas y beneficios ,‎ ‎ ‎ ‎ ‎ ‎ ‎ ‎ ‎ ‎ ‎ ‎ ‎ ‎ ‎ ‎ ‎ ‎ ‎ ‎ ‎ ‎ ‎ ‎ ‎ ‎ ‎ ‎ ‎ ‎ ‎ ‎ ‎ ‎ ‎ ‎ ‎ ‎ ‎ ‎ ‎ ‎ ‎ ‎ ‎ ‎ ‎ ‎ ‎ ‎ ‎ ‎ ‎ ‎ ‎ ‎ ‎ ‎ ‎ ‎ ‎ ‎ ‎ ‎ ‎ ‎ ‎ ‎ ‎ ‎ Hazte Socio Diamante para disfrutar de ofertas y beneficios exclusivos. ¡Comienza tus 15 días gratis! ‎ ‎ ‎ ‎ ‎ ‎ ‎ ‎ ‎ ‎ ‎ ‎ ‎ ‎ ‎ ‎ ‎ ‎ ‎ ‎ ‎ ‎ ‎ ‎ ‎ ‎ ‎ ‎ ‎ ‎ ‎ ‎ ‎ ‎ ‎ ‎ ‎ ‎ ‎ ‎ ‎ ‎ ‎ ‎ ‎ ‎ ‎ ‎ ‎ ‎ ‎ ‎ ‎ ‎ ‎ ‎ ‎ ‎ ‎ ‎ ‎ ‎ ‎ ‎ ‎ ‎ ‎ ‎ ‎ ‎ Hazte Socio Diamante para disfrutar de ofertas y beneficios exclusivos. ¡Comienza tus 15 días gratis! ‎ ‎ ‎ ‎ ‎ ‎ ‎ ‎ ‎ ‎ ‎ ‎ ‎ ‎ ‎ ‎ ‎ ‎ ‎ ‎ ‎ ‎ ‎ ‎ ‎ ‎ ‎ ‎ ‎ ‎ ‎ ‎ ‎ ‎ ‎ ‎ ‎ ‎ ‎ ‎ ‎ ‎ ‎ ‎ ‎ ‎ ‎ ‎ ‎ ‎ ‎ ‎ ‎ ‎ ‎ ‎ ‎ ‎ ‎ ‎ ‎ ‎ ‎ ‎ ‎ ‎ ‎ ‎ ‎ ‎ Hazte Socio Diamante para disfrutar de ofertas y beneficios exclusivos. ¡Comienza tus 15 días gratis! 📍 Elige un método de entrega Despacho a domicilio o retiro en tienda Club Unimarc Membresía NUEVO Catálogo Locales y horarios Tarjeta Unipay Unired Application error: a client-side exception has occurred (see the browser console for more information).,,,,,,unknown,
Inicio,Inicio Abarrotes Café gold Café instantáneo institucional 400 g Sku: 000000000000651946-UN Precio socio Desde 2 un $13.090 c/u ($32.725 x kg) Ahorra 9% Desde 1 un $13.750 c/u ($34.375 x kg) Ahorra 5% Precio regular $14.450 c/u ($36.125 x kg) Agregar Información del producto Descripción Café instantáneo institucional,,13090,,,,unknown,
Bebidas,"Bebidas Refrigerantes Tradicional Refrigerante Kuat Guaraná 2L Refrigerante Kuat Guaraná 2L Marca: Kuat - Cod: 728 R$ 6,69 Condições de pagamento Adicionar ao Carrinho Essa compra destrava cashback! Saiba mais Condições de pagamento Produtos Patrocinados Patrocinado Vodka Smirnoff 600ml R$ 23,90 -15% R$ 20,29 Adicionar Patrocinado Vodka Destilada Smirnoff Garrafa 1,75L R$ 54,90 -18% R$ 44,99 Adicionar Patrocinado Vodka Destilada Smirnoff Garrafa 998ml R$ 36,90 -18% R$ 30,29 Adicionar Patrocinado Vodka Cîroc 750ml R$ 199,90 -18% R$ 163,89 Adicionar Descrição do Produto Especificações Técnicas Guaraná 100% Amazonas; Menos açúcar; Baixo teor de sódio; Não contém glúten Importante Observações Prazo de Validade: Vide Impresso na Embalagem. Informações do Produto Sabor Guaraná Tipo de Produto Refrigerante Conteúdo 2 L País Brasil Embalagem Garrafa Fabricante Coca-Cola Brasil Variantes Valores Diários de Gorduras Saturadas 0 Características do Produto Tipo de Refrigerante Tradicional Categoria de Gestão SUBCATEGORIA_KEY 91010431202 Informações Nutricionais Sódio por 100g 10 mg Gorduras Saturadas por 100g 0 g Açúcar por 100g 6,5 g Proteínas por 100g 0 g Fibras por 100g 0 g Percentual de Frutas, Legumes, Verduras e Óleos Vegetais por 100g * Escala de Sódio Não significativo Escala de Gorduras Saturadas Não significativo Escala de Açúcar Médio Escala de Proteínas Não significativo Escala de Fibras Não significativo Escala de Frutas, Legumes, Verduras e Óleos Vegetais Não significativo Porção 200 ml Porção Equivalente 1 copo Calorias (Kcal) 53 kcal Carboidratos 13 g Valor Energético (KJ) 221 kj Sódio 20 mg Gorduras Saturadas 0 g Açúcar 13 g Unidade de medida do peso ml Considerar gordura adicionada Não Calorias por 100g 26,5 kcal Indicador Nutricional em número 4 Escala de Calorias Médio Ingredientes Água gaseificada, açúcar, extrato de guaraná, reguladores de acidez ácido cítrico e citrato de sódio, aroma sintético idêntico ao natural, corante caramelo IV, conservadores sorba",,6.69,,,,unknown,
Home,"Home Panadería y Pastelería Panadería Devolver este producto es gratis Conoce los plazos y exclusiones del derecho a retracto y la satisfacción garantizada. IDEAL Código del producto: 110623262 Cód. tienda: 20379337 Pan de Molde Integral 580 GR $ 2.690 UN Acumula hasta 17 CMR Puntos Agregar al Carro Descripción Pan de Molde Integral Ideal 580g | Actualizado al: 16-01-2025 Ingredientes: Harina de trigo integral de grano entero, Vitamina d3 vegetal, Harina de trigo, Vitamina d3 vegetal, Agua, Levadura, Gluten, Fibra de soya, Harina de trigo fermentada, Harina de cebada fermentada, Harina de centeno fermentada, Azúcar, Sal, Aceite de maravilla (tocoferoles), Ácido láctico de origen natural, Ácido ascórbico de origen natural, Saborizante natural, Soya. Alérgenos: Gluten, Soya. Trazas: Nuez. Certificados: Libre de Huevo Libre de Peces Libre de Mariscos Libre de Maní Libre de Sulfitos Libre de Lactosa Vegano Vegetariano Kosher Información Nutricional: Porción: 2 Unidades (50g) Porciones por envase: 12 100g 1 Porción Energía (kCal) 251 125.5 Proteínas (g) 11 5.5 Grasas Totales (g) 3 1.5 Grasas saturadas (g) 0.5 0.3 Grasas monoinsaturadas (g) 0.7 0.4 Grasas poliinsaturadas (g) 1.7 0.9 Grasas trans (g) 0 0 Colesterol (mg) 0 0 Hidratos de carbono disponibles (g) 45 22.5 Azúcares totales (g) 3 1.5 Fibra (g) 5.8 2.9 Sodio (mg) 358 179 Importante: La información del empaque y/o contenido del producto final puede diferir respecto a lo que mostramos en nuestro sitio web, tanto a nivel de ingredientes, trazas, información nutricional, sellos, modo de uso y/o modo de conservación. Usted no debe basarse únicamente en la información que se muestra en nuestro sitio web y siempre debe leer las etiquetas, advertencias e instrucciones antes de usar o consumir un producto. Información obtenida de PAN INTEGRAL 580G IDEAL Productos similares Pan de Molde Artesano Integral $ 3.000 UN Ver producto Pan de Molde Integral Bauducco 390 g $ 1.890 UN Ver producto Pan de Molde Integral XL Ideal 750 g",,2690,,,,unknown,
Home,Home Lácteos y Quesos Leches Devolver este producto es gratis Conoce los plazos y exclusiones del derecho a retracto y la satisfacción garantizada. SOPROLE Código del producto: 112737943 Cód. tienda: 04016012 Leche Entera Natural 1 LT $ 1.150 UN -15% $ 1.350 UN Acumula hasta 7 CMR Puntos Agregar al Carro Descripción LECHE ENTERA UHT C TAPA SOPROLE 1 LT Productos similares Leche Descremada Natural $ 1.150 UN -15% $ 1.350 UN Ver producto Leche Entera Natural Cremosa $ 1.450 UN Ver producto Leche Semidescremada Natural $ 1.150 UN -15% $ 1.350 UN Ver producto Leche Entera Natural Surlat 1 L $ 1.190 UN Ver producto Leche Semi Descremada Surlat 1 L $ 1.190 UN Ver producto Leche Semidescremada Gold Café Capuccino $ 2.250 UN Ver producto Leche Descremada Natural $ 1.250 UN Ver producto Leche Enteral Natural $ 600 UN Ver producto Leche Descremada Natural $ 600 UN Ver producto Leche Semidescremada Sabor Frutilla Soprole 1 L $ 1.650 UN Ver producto Leche Semidescremada Natural $ 1.250 UN Ver producto Leche Enteral Natural $ 1.250 UN Ver producto Leche Entera A2 Sin Lactosa Colun 1 L $ 2.600 UN $ 2.790 UN Ver producto Leche Semidescremada Sabor Frutilla $ 550 UN Ver producto Leche Descremada Surlat 1 L $ 1.190 UN Ver producto Leche Semidescremada Sabor Chocolate Blanco Soprole 1 L $ 1.490 UN Ver producto Leche Semidescremada Zerolacto Sabor Frutilla Soprole 1 L $ 1.850 UN $ 1.890 UN Ver producto Leche Semidescremada Natural $ 1.190 UN Ver producto ¡Juntos son mejores! Aceite Vegetal Precio Uno 900 ml $ 1.550 UN Ver producto Arroz Precio Uno G2 Grano Largo Fino 1 Kg $ 1.350 UN Ver producto FIDEO SPAGHETTI 5 400 GRS. 101409 C $ 990 UN Ver producto Azúcar Blanca Granulada Tottus 860 g $ 1.190 UN Ver producto Harina con Polvo $ 1.300 UN -19% $ 1.600 UN Ver producto Azúcar Blanca Granulada Iansa 1 Kg $ 1.490 UN Ver producto Azúcar $ 2.250 UN Ver producto Aceite Vegetal Tottus 900 ml $ 1.690 UN Ver producto Azúcar $ 970 UN -11% $ 1.090 UN Ver producto FIDEO CORBATA 80 400 GRS. 101302,,1150,,,,unknown,
Home,"Home Carnes Pollo ¡Qué mal! Justo se agotó ARIZTIA Pollo Entero con Menudencias Ariztía Peso Variable KG $ 3.990 KG Especificaciones Tipo de Corte Pollo Entero Uso Recomendado Cacerola,Olla Multicook,Horno,Airfryer Origen Nacional País de Origen Chile Tipo de Envase Bolsa Advertencias de Almacenamiento Mantener Refrigerado entre -2°C a 2°C Tipo de Refrigeración Refrigerado Descripción POLLOS 1RA. ARIZTIA C/M Productos similares Pollo Entero con Menudencias Peso Variable $ 3.990 KG Ver producto ¡Juntos son mejores! Arroz Precio Uno G2 Grano Largo Fino 1 Kg $ 1.350 UN Ver producto Costillar de Cerdo Tradicional Super Cerdo Peso Variable $ 5.990 KG -42% $ 6.990 KG $ 10.290 KG Ver producto Aceite Vegetal Precio Uno 900 ml $ 1.550 UN Ver producto Sal Fina Yodada Tottus 1 Kg $ 430 UN Ver producto Sal Fina Yodada $ 550 UN Ver producto Arvejas Congeladas Minuto Verde 500 g $ 1.790 UN $ 1.950 UN Ver producto Costillar de Cerdo a la Chilena Super Cerdo Peso Variable $ 5.990 KG -42% $ 6.590 KG $ 10.290 KG Ver producto Arroz Tottus G2 Grano Largo Fino 1 Kg $ 1.550 UN Ver producto Aceite Vegetal Tottus 900 ml $ 1.690 UN Ver producto Aceite Vegetal Belmont 1 L $ 2.550 UN -20% $ 3.190 UN Ver producto",,3990,,,,unknown,
Verifica tu identidad,Verifica tu identidad Mantén presionado el botón para confirmar que no eres un robot.,,,,,,unknown,
Home,"Home Lácteos y Quesos Leches Devolver este producto es gratis Conoce los plazos y exclusiones del derecho a retracto y la satisfacción garantizada. TOTTUS Código del producto: 113152872 Cód. tienda: 20099192 Leche Entera Natural 1 LT $ 1.050 UN Acumula hasta 7 CMR Puntos Agregar al Carro Descripción Leche Natural Entera Tottus 1lt | Actualizado al: 20-02-2025 Ingredientes: Leche natural entera, Leche (lactosa), Leche (caseína). Alérgenos: Leche (lactosa), Leche (caseína). Certificados: Vegetariano Libre de Soya Libre de Huevo Libre de Peces Libre de Mariscos Libre de Maní Libre de Frutos Secos Libre de Nueces Libre de Sulfitos Libre de Trigo Información Nutricional: Porción: 1 Taza (200ml) Porciones por envase: 5 100ml 1 Porción Energía (kCal) 59 118 Proteínas (g) 3.1 6.2 Grasas Totales (g) 3.1 6.2 Grasas saturadas (g) 1.8 3.6 Grasas monoinsaturadas (g) 0.8 1.6 Grasas poliinsaturadas (g) 0.2 0.4 Grasas trans (g) 0.1 0.2 Colesterol (mg) 9.4 18.8 Hidratos de carbono disponibles (g) 4.9 9.8 Azúcares totales (g) 4.7 9.4 Sodio (mg) 42 84 Importante: La información del empaque y/o contenido del producto final puede diferir respecto a lo que mostramos en nuestro sitio web, tanto a nivel de ingredientes, trazas, información nutricional, sellos, modo de uso y/o modo de conservación. Usted no debe basarse únicamente en la información que se muestra en nuestro sitio web y siempre debe leer las etiquetas, advertencias e instrucciones antes de usar o consumir un producto. Información obtenida de LECHE TOTTUS ENTERA 1LT Productos similares Leche Descremada Natural $ 1.050 UN Ver producto Leche Semidescremada Natural $ 1.050 UN Ver producto Leche Semi Descremada Tottus 1 Lt $ 1.050 UN Ver producto Leche Descremada Tottus 1 Lt $ 1.050 UN Ver producto Leche Entera Natural $ 1.190 UN Ver producto Leche Enteral Natural $ 600 UN Ver producto Leche Descremada Natural $ 1.190 UN Ver producto Leche Enteral Natural $ 1.250 UN Ver producto Leche Entera Natural Surlat 1 L $ 1.190 UN Ver prod",,1050,,,,unknown,
Home,"Home Fiambres y Huevos Huevos Devolver este producto es gratis Conoce los plazos y exclusiones del derecho a retracto y la satisfacción garantizada. CINTAZUL Código del producto: 118701851 Cód. tienda: 20029040 Huevo Blanco Grande 12 UN $ 4.200 UN Acumula hasta 28 CMR Puntos Agregar al Carro Descripción Huevos 12 Un Grande L Blanco Cintazul 648g | Actualizado al: 24-05-2025 Ingredientes: Huevos. Certificados: Apto para APLV Libre de Lactosa Vegetariano Libre de Soya Libre de Peces Libre de Mariscos Libre de Maní Libre de Frutos Secos Libre de Nueces Libre de Sulfitos Libre de Trigo Información Nutricional: Porción: 1 Huevo sin Cáscara (51g) Porciones por envase: 12 100g 1 Porción Energía (kCal) 149 76 Proteínas (g) 12 6.1 Grasas Totales (g) 9.8 5 Grasas saturadas (g) 3.7 1.9 Grasas monoinsaturadas (g) 2.8 1.4 Grasas poliinsaturadas (g) 1.4 0.7 Grasas trans (g) 0.1 0.1 Colesterol (mg) 370 188.7 Hidratos de carbono disponibles (g) 2.8 1.4 Azúcares totales (g) 0.5 0.3 Sodio (mg) 150 76.5 Importante: La información del empaque y/o contenido del producto final puede diferir respecto a lo que mostramos en nuestro sitio web, tanto a nivel de ingredientes, trazas, información nutricional, sellos, modo de uso y/o modo de conservación. Usted no debe basarse únicamente en la información que se muestra en nuestro sitio web y siempre debe leer las etiquetas, advertencias e instrucciones antes de usar o consumir un producto. Información obtenida de HUEVOGRANDE BLANCO CINTAZUL 12 UND Productos similares Huevos Blanco Grande Yemita 12 Un $ 4.100 UN Ver producto Huevo Blanco Extra Grande $ 4.350 UN Ver producto Huevo Gallina Libre $ 4.690 UN $ 5.090 UN Ver producto HUEVOS COLOR GRANDE 12 UN. YEM $ 4.390 UN Ver producto Huevo Color Grande $ 4.150 UN Ver producto Huevo Grande Blanco $ 3.850 UN Ver producto Huevos de Color Gallinas Libre La Granja 12 Un $ 4.950 UN Ver producto Huevo Gallina Libre $ 2.350 UN $ 2.500 UN Ver producto Huevos Blanco Extra Grande Yemita 12 Un $ 4.190 UN Ver ",,4200,,,,unknown,
Home,"Home Fiambres y Huevos Huevos Devolver este producto es gratis Conoce los plazos y exclusiones del derecho a retracto y la satisfacción garantizada. YEMITA Código del producto: 110621678 Cód. tienda: 04004002 Huevos Blanco Grande Yemita 12 Un 12 UN $ 4.100 UN Acumula hasta 27 CMR Puntos Agregar al Carro Descripción Huevos 12 Un Grande Blanco L Yemita 648g | Actualizado al: 25-01-2025 Ingredientes: Huevo. Certificados: Apto para APLV Libre de Lactosa Vegetariano Libre de Soya Libre de Peces Libre de Mariscos Libre de Maní Libre de Frutos Secos Libre de Nueces Libre de Sulfitos Libre de Trigo Información Nutricional: Porción: 1 Huevo (51g) Porciones por envase: 12 100g 1 Porción Energía (kCal) 149 76 Proteínas (g) 12 6.1 Grasas Totales (g) 9.8 5 Grasas saturadas (g) 3.7 1.9 Grasas monoinsaturadas (g) 2.8 1.4 Grasas poliinsaturadas (g) 1.4 0.7 Grasas trans (g) 0.1 0.1 Colesterol (mg) 370 188.7 Hidratos de carbono disponibles (g) 2.8 1.4 Azúcares totales (g) 0.5 0.3 Sodio (mg) 150 76.5 Importante: La información del empaque y/o contenido del producto final puede diferir respecto a lo que mostramos en nuestro sitio web, tanto a nivel de ingredientes, trazas, información nutricional, sellos, modo de uso y/o modo de conservación. Usted no debe basarse únicamente en la información que se muestra en nuestro sitio web y siempre debe leer las etiquetas, advertencias e instrucciones antes de usar o consumir un producto. Información obtenida de HUEVOS BLANCO GRANDE 12 UN. YEM. Productos similares HUEVOS COLOR GRANDE 12 UN. YEM $ 4.390 UN Ver producto Huevo Blanco Grande $ 4.200 UN Ver producto Huevos Blanco Extra Grande Yemita 12 Un $ 4.190 UN Ver producto Huevos de Color Gallinas Libre La Granja 12 Un $ 4.950 UN Ver producto Huevo Blanco Extra Grande $ 4.350 UN Ver producto Huevos de Color Gallinas Libres Medianos Ecoterra 12 Un $ 5.900 UN Ver producto Huevos Blanco Grande $ 2.250 UN Ver producto HUEVO EXTRA BLANCO 12 UN COLIUMO $ 3.950 UN Ver producto Huevo Gallina Libre $ 4.6",,4100,,,,unknown,
Home,Home Panadería y Pastelería Panadería ¡Qué mal! Justo se agotó TOTTUS Pan Molde Blanco Tottus 580 g 580 GR $ 2.590 UN Descripción PAN MOLDE BLANCO TOTTUS 580 GRS Productos similares Pan de Molde Blanco XL Castaño 700 g $ 2.790 UN Ver producto Pan Molde Integral $ 2.790 UN Ver producto Pan de Molde Blanco XL Ideal 750 g $ 2.490 UN -14% $ 2.890 UN Ver producto Pan de Molde Blanco Ideal 580 g $ 2.490 UN Ver producto Pan de Molde Blanco XL Pierre 700 g $ 2.000 UN -28% $ 2.790 UN Ver producto Pan de Hot Dog Blanco Tottus 8 Un 480 g $ 2.490 UN Ver producto Pan de Molde Integral XL Pierre 700 g $ 2.000 UN -28% $ 2.790 UN Ver producto Pan Hamburguesa Tipo Brioche Tottus 8 Un 600 g $ 2.590 UN Ver producto Pan de Molde Blanco Castaño 400 g $ 1.790 UN Ver producto Pan de Molde Integral Bauducco 390 g $ 1.890 UN Ver producto Pan de Molde Perfecto Kingsbury 580 g $ 3.890 UN Ver producto Pan de Molde Integral XL Ideal 750 g $ 3.090 UN Ver producto Pan de Hot Dog Sin Gluten Tottus 400 g $ 5.090 UN Ver producto Pan de Molde Blanco Tradicional Bauducco 390 g $ 1.890 UN Ver producto Pan Molde Blanco $ 2.490 UN Ver producto Pan de Hamburguesa Sin Gluten Tottus 400 g $ 5.090 UN Ver producto Pan de Molde Blanco Sin Borde Ideal 400 g $ 3.490 UN Ver producto ¡Juntos son mejores! Queso Gauda Laminado Huilco 400 g $ 4.850 UN Ver producto Jamón Pierna $ 1.790 UN $ 1.950 UN Ver producto Queso Ranco Laminado Colun 500 g $ 5.090 UN -26% $ 6.900 UN Ver producto Jamón Pierna Artesanal Granel $ 7.160 KG -22% $ 9.160 KG Ver producto Jamón Artesanal Pf a Granel $ 7.690 KG $ 8.490 KG Ver producto Queso Gauda Laminado Soprole 500 g $ 4.790 UN -21% $ 6.090 UN Ver producto Pack Yoghurt Batido Colun 12 x 125 g $ 2.990 UN -12% $ 3.390 UN Ver producto Queso Ranco Laminado Granel $ 12.200 KG -16% $ 14.600 KG Ver producto Jamón Acaramelado Pf a Granel $ 10.760 KG -16% $ 12.760 KG Ver producto Jamón Colonial Granel $ 9.560 KG -11% $ 10.750 KG Ver producto,,2590,,,,unknown,
Home,"Home Fiambres y Huevos Huevos Devolver este producto es gratis Conoce los plazos y exclusiones del derecho a retracto y la satisfacción garantizada. COLIUMO Código del producto: 110623952 Cód. tienda: 20427467 Huevo Gallina Libre 12 UN $ 4.690 UN $ 5.090 UN Acumula hasta 31 CMR Puntos Agregar al Carro Descripción Huevos de Gallinas Libres 12 Un Extra Color La Castellana 732g | Actualizado al: 27-05-2025 Ingredientes: Huevo. Alérgenos: Huevo. Certificados: Apto para APLV Libre de Lactosa Vegetariano Libre de Soya Libre de Peces Libre de Mariscos Libre de Maní Libre de Frutos Secos Libre de Nueces Libre de Sulfitos Libre de Trigo Información Nutricional: Porción: 1 Huevo (57g) Porciones por envase: 12 100g 1 Porción Energía (kCal) 149 84.9 Proteínas (g) 12 6.8 Grasas Totales (g) 9.8 5.6 Grasas saturadas (g) 3.7 2.1 Grasas monoinsaturadas (g) 2.8 1.6 Grasas poliinsaturadas (g) 1.4 0.8 Grasas trans (g) 0.1 0.1 Colesterol (mg) 370 210.9 Hidratos de carbono disponibles (g) 2.8 1.6 Azúcares totales (g) 0.48 0.3 Sodio (mg) 150 85.5 Importante: La información del empaque y/o contenido del producto final puede diferir respecto a lo que mostramos en nuestro sitio web, tanto a nivel de ingredientes, trazas, información nutricional, sellos, modo de uso y/o modo de conservación. Usted no debe basarse únicamente en la información que se muestra en nuestro sitio web y siempre debe leer las etiquetas, advertencias e instrucciones antes de usar o consumir un producto. Información obtenida de HUEVO COLOR EXTRA LA CASTELLANA 12 UND Productos similares Huevo Blanco Grande $ 4.200 UN Ver producto Huevo Gallina Libre $ 2.350 UN $ 2.500 UN Ver producto Huevo Color Grande $ 4.150 UN Ver producto Huevo Primera Color $ 4.000 UN Ver producto Huevos de Color Gallinas Libres Medianos Ecoterra 12 Un $ 5.900 UN Ver producto Huevo de Color Gallina Libre $ 4.950 UN $ 4.990 UN Ver producto Huevo de Color Gallina Libre La Granja 6 Un $ 3.000 UN Ver producto Huevos de Color Gallinas Libre La Granja 12 ",,4690,,,,unknown,
Home,Home Fiambres y Huevos Huevos Devolver este producto es gratis Conoce los plazos y exclusiones del derecho a retracto y la satisfacción garantizada. ECOTERRA Código del producto: 110624158 Cód. tienda: 20316994 Huevos de Color Gallinas Libres Medianos Ecoterra 12 Un 12 UN $ 5.900 UN Últimas unidades Acumula hasta 39 CMR Puntos Agregar al Carro Descripción HUEVO GALLI LIB CERT BIEN ANI 648 G 12UN Productos similares Huevos de Color Gallinas Libre La Granja 12 Un $ 4.950 UN Ver producto HUEVOS COLOR GRANDE 12 UN. YEM $ 4.390 UN Ver producto Huevos de Color Gallinas Libres Ecoterra 10 Un $ 3.590 UN -28% $ 3.990 UN $ 4.990 UN Ver producto Huevos de Color Gallinas Libres Ecoterra 20 Un $ 10.650 UN Ver producto HUEVO EXTRA BLANCO 12 UN COLIUMO $ 3.950 UN Ver producto Huevo Color Grande $ 4.150 UN Ver producto Huevo Primera Color $ 4.000 UN Ver producto Huevos Blanco Grande Yemita 12 Un $ 4.100 UN Ver producto Huevo Gallina Libre $ 4.690 UN $ 5.090 UN Ver producto Huevos Blancos Grandes Don Vicho 12 Un $ 3.990 UN Ver producto Huevos de Color Grandes Don Vicho 12 Un $ 3.650 UN Ver producto Huevo Blanco Grande $ 4.200 UN Ver producto Huevo Grande Gallina Libre $ 4.600 UN Ver producto Huevo Color Grande $ 3.800 UN Ver producto Huevo Grande Blanco $ 3.850 UN Ver producto Huevo de Color Gallina Libre $ 4.950 UN $ 4.990 UN Ver producto ¡Juntos son mejores! Papa en Malla 2 Kg $ 2.690 UN Ver producto Cebolla a Granel $ 1.600 KG Ver producto Papa a Granel $ 1.690 KG Ver producto Cebolla en Malla 1 Kg $ 1.590 UN Ver producto Tomate en Malla 1 Kg $ 2.190 UN Ver producto Zanahoria en Bolsa 1 Kg $ 1.200 UN Ver producto Zanahoria Jugo en Bolsa 1 Kg $ 1.200 UN Ver producto,,5900,,,,unknown,
Home,"Home Carnes Pollo Devolver este producto es gratis Conoce los plazos y exclusiones del derecho a retracto y la satisfacción garantizada. SUPER POLLO Código del producto: 115834456 Cód. tienda: 06019061 Pollo Entero con Menudencias Peso Variable KG $ 3.990 KG Acumula hasta 79 CMR Puntos Agregar al Carro Especificaciones Tipo de Corte Pollo Entero Uso Recomendado Cacerola,Olla Multicook,Horno,Airfryer Origen Nacional País de Origen Chile Tipo de Envase Bolsa Advertencias de Almacenamiento Mantener Refrigerado entre -2°C a 2°C Tipo de Refrigeración Refrigerado Descripción POLLOS 1RA. SUPER C/M ¡Juntos son mejores! Costillar de Cerdo Tradicional Super Cerdo Peso Variable $ 5.990 KG -42% $ 6.990 KG $ 10.290 KG Ver producto Arvejas Congeladas Minuto Verde 500 g $ 1.790 UN $ 1.950 UN Ver producto Sal Fina Yodada $ 550 UN Ver producto Costillar de Cerdo a la Chilena Super Cerdo Peso Variable $ 5.990 KG -42% $ 6.590 KG $ 10.290 KG Ver producto Aceite Vegetal Belmont 1 L $ 2.550 UN -20% $ 3.190 UN Ver producto Sal Fina Yodada Tottus 1 Kg $ 430 UN Ver producto Aceite Vegetal Tottus 900 ml $ 1.690 UN Ver producto Aceite Vegetal Precio Uno 900 ml $ 1.550 UN Ver producto Arroz Tottus G2 Grano Largo Fino 1 Kg $ 1.550 UN Ver producto Arroz Precio Uno G2 Grano Largo Fino 1 Kg $ 1.350 UN Ver producto",,3990,,,,unknown,
Verifica tu identidad,Verifica tu identidad Mantén presionado el botón para confirmar que no eres un robot.,,,,,,unknown,
Verifica tu identidad,Verifica tu identidad Mantén presionado el botón para confirmar que no eres un robot.,,,,,,unknown,
Verifica tu identidad,Verifica tu identidad Mantén presionado el botón para confirmar que no eres un robot.,,,,,,unknown,
Verifica tu identidad,Verifica tu identidad Mantén presionado el botón para confirmar que no eres un robot.,,,,,,unknown,
"Este sitio web utiliza cookies propias para optimizar la experiencia de nuestros clientes, analizar estadísticas de navegación del sitio y de terceros para brindar contenidos personalizados de acuerdo","Este sitio web utiliza cookies propias para optimizar la experiencia de nuestros clientes, analizar estadísticas de navegación del sitio y de terceros para brindar contenidos personalizados de acuerdo con sus preferencias. Al dar click en [Aceptar], autoriza el uso de cookies durante su navegación. Para más información, consulte nuestra Política de Cookies en el Aviso de Privacidad . Aceptar Supermercado Despensa Tortilleria y pan empacados Pan Natures Own Blanco 624g Natures Own Pan Natures Own Blanco 624g Pan Natures Own Blanco 624g Referencia : 3750236 Información Pan Natures Own Blanco 624g Las imágenes del producto son únicamente de referencia, el diseño de etiquetas y el contenido (ml, L, Kg, g, piezas, etc) pueden cambiar y/o variar sin previo aviso. Mostrar más Características Importantes Deliciosos sabores ricos favoritos de su familia Rebanadas más gruesas con un acabado de estilo artesanal espolvoreado con harina Con una textura suave Comparte Vendido y entregado por: Chedraui $72.00 Agregar Descripción Especificaciones Prepara tu despensa en unos cuantos clics y descubre nuestra gran variedad de productos. ¡No salgas de casa, nosotros te llevamos el súper! Productos relacionados Pan Natures Own Sin Azucar 454g Natures Own $0.00 Combo Cantidad Máxima Equivale a ≈1 pza 3x2 Pan Natures Own Hambueguesa 454g Natures Own $0.00 Combo Cantidad Máxima Equivale a ≈1 pza 3x2 Pan Natures Own Brioche 624g Natures Own $0.00 1 pieza de 624g Combo Cantidad Máxima Equivale a ≈1 pza 3x2 Pan Natures Own Multigrano 1 Pz 624g Natures Own $0.00 1 pieza de 624g Combo Cantidad Máxima Equivale a ≈1 pza 3x2 Pan Nature'S Own 100% Integra 567g Natures Own $0.00 1 pieza de 567g Combo Cantidad Máxima Equivale a ≈1 pza 3x2 Pan Selecto Blanco 680g Selecto Brand $0.00 1 pz de 680g Combo Cantidad Máxima Equivale a ≈1 pza 3x2 Pan Blanco Bonybon 670g Bonybon $0.00 670 g Combo Cantidad Máxima Equivale a ≈1 pza 3x2 Pan Nature'S Own 100% Integral 240g Natures Own $0.00 240g Combo Cantidad Máx",,7200,,,,unknown,
Home,"Home Mercearia Alimentos Básicos Arroz Arroz Branco Longo-fino Tipo 1 Camil Todo Dia 5Kg Arroz Branco Longo-fino Tipo 1 Camil Todo Dia 5Kg Marca: Camil - Código: 1970 R$ 23,89 Ver mais formas de pagamento Essa compra destrava cashback! Conheça mais sobre o produto O arroz branco Tipo 1 Camil faz parte da Linha Todo Dia, perfeita para aquelas receitas deliciosas do cotidiano. É saudável, natural e nutritiva. Ideal para quem busca diariamente inovar na cozinha sem perder o sabor caseiro, a mesa farta e o prazer de compartilhar momentos juntos com quem amamos. Boa fonte de amido, que fornece energia para as atividades corridas do dia a dia, o arroz branco tem baixo teor de gordura e é um alimento de fácil e rápida digestão. Você também sabia que, além de não conter glúten e poder ser consumido por pessoas celíacas, esse tipo de arroz tem proteína em sua composição? A proteína é um nutriente essencial para a construção e a manutenção dos músculos! Compre o seu aqui no Carrefour e tenha sempre uma refeição saborosa e nutritiva! Ver mais R$ 23,89 Adicionar ao Carrinho Vendido e entregue por Carrefour R$ 23,89 Adicionar ao Carrinho Vendido e entregue por Carrefour Especificações Técnicas Saboroso e soltinho; Baixo teor de gordura; Fonte de energia; Não contém glútem Importante SAC do Fornecedor sac.camil@camil.com.br, 0800 133 300 Itens Inclusos 1 Pacote de Arroz Branco Camil 5Kg Observações Imagem meramente ilustrativa Prazo de Validade: Vide Impresso na Embalagem. Descrição do Produto O arroz branco Tipo 1 Camil faz parte da Linha Todo Dia, perfeita para aquelas receitas deliciosas do cotidiano. É saudável, natural e nutritiva. Ideal para quem busca diariamente inovar na cozinha sem perder o sabor caseiro, a mesa farta e o prazer de compartilhar momentos juntos com quem amamos. Boa fonte de amido, que fornece energia para as atividades corridas do dia a dia, o arroz branco tem baixo teor de gordura e é um alimento de fácil e rápida digestão. Você também sabia que, além d",,23.89,,,,unknown,
Home,"Home Mercearia Alimentos Básicos Arroz Arroz Solito Tipo 1 5Kg Arroz Solito Tipo 1 5Kg Marca: Solito - Código: 12221 R$ 18,59 - 9 % R$ 16,99 Ver mais formas de pagamento Essa compra destrava cashback! Conheça mais sobre o produto Rico em carboidratos e vitaminas, o arroz é o alimento mais consumido no mundo. E há mais de 60 anos o Arroz Solito leva qualidade e sabor até você. Seu processo de beneficiamento passa por rigorosos controles de qualidade, com tecnologia de ponta e sem nenhum contato manual. Isso garante que só o melhor do arroz chegue até a sua mesa. Hoje, a Solito Alimentos é considerada uma das maiores empresas de alimentos do Estado de São Paulo. Aproveite a oportunidade e leve para casa um arroz saboroso e de muita qualidade. Compre agora mesmo aqui no Carrefour o Arroz Branco Solito Tipo 1. Ver mais R$ 18,59 - 9 % R$ 16,99 Adicionar ao Carrinho Vendido e entregue por Carrefour R$ 18,59 - 9 % R$ 16,99 Adicionar ao Carrinho Vendido e entregue por Carrefour Especificações Técnicas Rico em Carboidratos; Fonte de Proteínas; Não precisa ser lavado; Sem gorduras trans Importante Itens Inclusos 1 Pacote de Arroz Branco Solito 5Kg. Observações Imagem meramente ilustrativa Todas as informações divulgadas são de responsabilidade do fabricante/fornecedor Prazo de Validade: Vide Impresso na Embalagem Descrição do Produto Rico em carboidratos e vitaminas, o arroz é o alimento mais consumido no mundo. E há mais de 60 anos o Arroz Solito leva qualidade e sabor até você. Seu processo de beneficiamento passa por rigorosos controles de qualidade, com tecnologia de ponta e sem nenhum contato manual. Isso garante que só o melhor do arroz chegue até a sua mesa. Hoje, a Solito Alimentos é considerada uma das maiores empresas de alimentos do Estado de São Paulo. Aproveite a oportunidade e leve para casa um arroz saboroso e de muita qualidade. Compre agora mesmo aqui no Carrefour o Arroz Branco Solito Tipo 1. Como você avalia a experiência nessa página? Sua opinião é muito i",,18.59,,,,unknown,
Home,"Home Mercearia Alimentos Básicos Arroz Arroz Branco Longo-fino Tipo 1 Tio João 2Kg Arroz Branco Longo-fino Tipo 1 Tio João 2Kg Marca: Tio João - Código: 9978 R$ 11,99 Ver mais formas de pagamento Essa compra destrava cashback! R$ 11,99 Adicionar ao Carrinho Vendido e entregue por Carrefour R$ 11,99 Adicionar ao Carrinho Vendido e entregue por Carrefour Especificações Técnicas Importante Itens Inclusos 1 Pacote de Arroz Branco Tio João 2Kg. Observações Imagem meramente ilustrativa Todas as informações divulgadas são de responsabilidade do fabricante/fornecedor Prazo de Validade: Vide Impresso na Embalagem Como você avalia a experiência nessa página? Sua opinião é muito importante para nós, compartilhe anonimamente o seu Feedback!! Gostaria de acrescentar mais detalhes? 0/500 caracteres restantes Não inclua informações confidenciais As informações confidencias são dados que precisam ser protegidos. Por exemplo, não inclua senhas, números de cartão de crédito nem dados pessoais. Cancelar Enviar Obrigado pelo seu feedback! Seu feedback nos ajuda a melhorar a sua experiência. Fechar",,11.99,,,,unknown,
Home,"Home Mercearia Alimentos Básicos Arroz Arroz Bom no prato 5 kg branco Tipo 1 Arroz Bom no prato 5 kg branco Tipo 1 Marca: Bom no Prato - Código: 314069264 R$ 16,59 Ver mais formas de pagamento Essa compra destrava cashback! Conheça mais sobre o produto Arroz Bom no prato 5 kg branco Tipo 1 Ver mais R$ 16,59 Adicionar ao Carrinho Vendido e entregue por Carrefour R$ 16,59 Adicionar ao Carrinho Vendido e entregue por Carrefour Especificações Técnicas Importante SAC do Fornecedor 51 2127-0770 Itens Inclusos 1 Observações Imagem meramente ilustrativa; Todas as informações divulgadas são de responsabilidade do fabricante/fornecedor; Prazo de Validade: Vide Impresso na Embalagem Descrição do Produto Arroz Bom no prato 5 kg branco Tipo 1 Como você avalia a experiência nessa página? Sua opinião é muito importante para nós, compartilhe anonimamente o seu Feedback!! Gostaria de acrescentar mais detalhes? 0/500 caracteres restantes Não inclua informações confidenciais As informações confidencias são dados que precisam ser protegidos. Por exemplo, não inclua senhas, números de cartão de crédito nem dados pessoais. Cancelar Enviar Obrigado pelo seu feedback! Seu feedback nos ajuda a melhorar a sua experiência. Fechar",,16.59,,,,unknown,
Home,"Home Mercearia Alimentos Básicos Arroz Arroz Branco Longo-fino Tipo 1 Grãos Selecionados Carrefour 5Kg Arroz Branco Longo-fino Tipo 1 Grãos Selecionados Carrefour 5Kg Marca: Carrefour - Código: 4273 R$ 19,49 Ver mais formas de pagamento Essa compra destrava cashback! R$ 19,49 Adicionar ao Carrinho Vendido e entregue por Carrefour R$ 19,49 Adicionar ao Carrinho Vendido e entregue por Carrefour Especificações Técnicas Importante SAC do Fornecedor 0800 722 42822 Itens Inclusos 1 Pacote de Arroz Branco Carrefour 5Kg Observações Imagem meramente ilustrativa Prazo de Validade: Vide Impresso na Embalagem. Como você avalia a experiência nessa página? Sua opinião é muito importante para nós, compartilhe anonimamente o seu Feedback!! Gostaria de acrescentar mais detalhes? 0/500 caracteres restantes Não inclua informações confidenciais As informações confidencias são dados que precisam ser protegidos. Por exemplo, não inclua senhas, números de cartão de crédito nem dados pessoais. Cancelar Enviar Obrigado pelo seu feedback! Seu feedback nos ajuda a melhorar a sua experiência. Fechar",,19.49,,,,unknown,
Home,"Home Mercearia Alimentos Básicos Cafés Café Solúvel Liofilizado Intense L'Or 40g Café Solúvel Liofilizado Intense L'Or 40g Marca: Lor - Código: 327295335 R$ 8,89 Ver mais formas de pagamento Essa compra destrava cashback! Conheça mais sobre o produto Cafe Solúvel L'Or Intense 40g Ver mais R$ 8,89 Adicionar ao Carrinho Vendido e entregue por Carrefour R$ 8,89 Adicionar ao Carrinho Vendido e entregue por Carrefour Especificações Técnicas Importante SAC do Fornecedor 0800 707 7442 Itens Inclusos Cafe Solúvel L'Or Intense 40g Observações Imagem meramente ilustrativa;Todas as informações divulgadas são de responsabilidade do fabricante/fornecedor; Descrição do Produto Cafe Solúvel L'Or Intense 40g Como você avalia a experiência nessa página? Sua opinião é muito importante para nós, compartilhe anonimamente o seu Feedback!! Gostaria de acrescentar mais detalhes? 0/500 caracteres restantes Não inclua informações confidenciais As informações confidencias são dados que precisam ser protegidos. Por exemplo, não inclua senhas, números de cartão de crédito nem dados pessoais. Cancelar Enviar Obrigado pelo seu feedback! Seu feedback nos ajuda a melhorar a sua experiência. Fechar",,8.89,,,,unknown,
Home,"Home Mercearia Cafés, Chás e Achocolatados Cafés Café Starbucks Pike Place Roast Torrado e Moído 250g Café Starbucks Pike Place Roast Torrado e Moído 250g Marca: Starbucks - Código: 1356 R$ 55,99 Ver mais formas de pagamento Essa compra destrava cashback! Conheça mais sobre o produto Café torrado e moído Starbucks, com notas suaves de chocolate. Ver mais R$ 55,99 Adicionar ao Carrinho Vendido e entregue por Carrefour R$ 55,99 Adicionar ao Carrinho Vendido e entregue por Carrefour Especificações Técnicas Importante Itens Inclusos 1 Café Torrado e Moído à Vácuo Starbucks Pike Place 250g Observações Prazo de Validade: Vide Impresso na Embalagem Descrição do Produto Café torrado e moído Starbucks, com notas suaves de chocolate.",,55.99,,,,unknown,
Home,"Home Bebidas Cafés e Chás Cafe Melitta Soluvel Extra Forte Sachê Com 40g Cafe Melitta Soluvel Extra Forte Sachê Com 40g Marca: Melitta - Código: 324917092 R$ 6,99 Ver mais formas de pagamento Essa compra destrava cashback! Conheça mais sobre o produto Cafe Melitta Soluvel Extra Forte Sachê Com 40g Ver mais R$ 6,99 Adicionar ao Carrinho Vendido e entregue por Carrefour R$ 6,99 Adicionar ao Carrinho Vendido e entregue por Carrefour Especificações Técnicas Importante SAC do Fornecedor https://www.melitta.com.br/vamosfalarprodutos?gclid=Cj0KCQjww4-hBhCtARIsAC9gR3YAl203hp4lNf4rV83juhXUH0XqmsUBs5jjzJj2TlggBH4gx3LUIKoaAuAKEALw_wcB Itens Inclusos 1 Cafe Melitta Soluvel Extra Forte Sachê Com 40g Observações Imagem meramente ilustrativa; Todas as informações divulgadas são de responsabilidade do fabricante/fornecedor; Prazo de Validade: Vide Impresso na Embalagem; A venda e o consumo de bebidas alcoólicas são proibidos para menores de 18 anos. Bebida alcoólica pode causar dependência química, e em excesso, provoca graves males à saúde. Beba com moderação. Descrição do Produto Cafe Melitta Soluvel Extra Forte Sachê Com 40g Como você avalia a experiência nessa página? Sua opinião é muito importante para nós, compartilhe anonimamente o seu Feedback!! Gostaria de acrescentar mais detalhes? 0/500 caracteres restantes Não inclua informações confidenciais As informações confidencias são dados que precisam ser protegidos. Por exemplo, não inclua senhas, números de cartão de crédito nem dados pessoais. Cancelar Enviar Obrigado pelo seu feedback! Seu feedback nos ajuda a melhorar a sua experiência. Fechar",,6.99,,,,unknown,
Home,"Home Mercearia Cafés, Chás e Achocolatados Cafés Café Torrado e Moído Do Ponto Tradicional Vácuo 500 g Café Torrado e Moído Do Ponto Tradicional Vácuo 500 g Marca: Café do Ponto - Código: 5813 R$ 38,49 Ver mais formas de pagamento Essa compra destrava cashback! Conheça mais sobre o produto Você sabia que o café auxilia na depressão e até rejuvenesce as células do corpo humano?Então, curta a vida e tome um delicioso café, como o Café em Pó a Vácuo, do Café do Ponto. Ele é aquele produto que não pode faltar na sua casa, é perfeito para ser degustado quando bate aquela vontade inesperada de café, seja sozinho ou mesmo acompanhado. Possui sabor suave e foi fabricado das plantas arábica e robusta. Ver mais R$ 38,49 Adicionar ao Carrinho Vendido e entregue por Carrefour R$ 38,49 Adicionar ao Carrinho Vendido e entregue por Carrefour Especificações Técnicas Sabor suave; Alta qualidade; Tipo arábica; Café em Pó a Vacuo Café do Ponto de 500g Importante SAC do Fornecedor 0800 707 7442 Itens Inclusos 1 Pacote de Café Tradicional 500g Observações Imagem meramente ilustrativa Todas as informações divulgadas são de responsabilidade do fabricante/fornecedor Prazo de Validade: Vide Impresso na Embalagem. Descrição do Produto Você sabia que o café auxilia na depressão e até rejuvenesce as células do corpo humano?Então, curta a vida e tome um delicioso café, como o Café em Pó a Vácuo, do Café do Ponto. Ele é aquele produto que não pode faltar na sua casa, é perfeito para ser degustado quando bate aquela vontade inesperada de café, seja sozinho ou mesmo acompanhado. Possui sabor suave e foi fabricado das plantas arábica e robusta. Como você avalia a experiência nessa página? Sua opinião é muito importante para nós, compartilhe anonimamente o seu Feedback!! Gostaria de acrescentar mais detalhes? 0/500 caracteres restantes Não inclua informações confidenciais As informações confidencias são dados que precisam ser protegidos. Por exemplo, não inclua senhas, números de cartão de crédito n",,38.49,,,,unknown,
Home,"Home Bebidas Cafés e Chás Cafés Gelados Café Solúvel Tradicional Carrefour SC 50g Café Solúvel Tradicional Carrefour SC 50g Marca: Carrefour - Código: 11176559 R$ 7,59 Ver mais formas de pagamento Essa compra destrava cashback! Conheça mais sobre o produto O sabor que você e sua família merece ter em casa! Ver mais R$ 7,59 Adicionar ao Carrinho Vendido e entregue por Carrefour R$ 7,59 Adicionar ao Carrinho Vendido e entregue por Carrefour Especificações Técnicas Importante SAC do Fornecedor cafecampinho@cafecampinho.com.br - 35 30111691 Observações Imagem meramente ilustrativa; Praxo de validade impresso na embalagem; Todas as informações divulgadas são de responsabilidade do fabricante/fornecedor; As cores podem sofrer variações de acordo com o tipo, configuração e resolução do seu monitor; Descrição do Produto O sabor que você e sua família merece ter em casa! Como você avalia a experiência nessa página? Sua opinião é muito importante para nós, compartilhe anonimamente o seu Feedback!! Gostaria de acrescentar mais detalhes? 0/500 caracteres restantes Não inclua informações confidenciais As informações confidencias são dados que precisam ser protegidos. Por exemplo, não inclua senhas, números de cartão de crédito nem dados pessoais. Cancelar Enviar Obrigado pelo seu feedback! Seu feedback nos ajuda a melhorar a sua experiência. Fechar",,7.59,,,,unknown,
Ingresar,"Ingresar Supermercado Panaderia y tortilleria Pan salado Pan Blanco de Caja Selecto 675g Selecto Brand Cargando comentarios… Pan Blanco de Caja Selecto 675g Pan Blanco de Caja Selecto 675g Referencia : 3105808 Información Pan de caja blanco de la marca Selecto, elaborado con harina blanca. *Las imágenes del producto son únicamente de referencia, el diseños de etiquetas y el contenido (ml, L, Kg, g, piezas, etc) pueden cambiar y/o variar sin previo aviso. Mostrar más Comparte Vendido y entregado por: Chedraui Descripción Especificaciones Delicioso pan de caja fresco elaborado con harina de trigo. Tú repostería favorita a la puerta de tu casa, gran variedad de pan solo en Chedraui.com.mx",,,,,,unknown,
Home,"Home Padaria e Matinais Pães e Torradas Pão de Forma Pão de Forma Panco Premium 500g Pão de Forma Panco Premium 500g Marca: Panco - Código: 12807 R$ 9,49 Ver mais formas de pagamento Essa compra destrava cashback! R$ 9,49 Adicionar ao Carrinho Vendido e entregue por Carrefour R$ 9,49 Adicionar ao Carrinho Vendido e entregue por Carrefour Especificações Técnicas Informações do Produto Tipo de Produto Tradicional Apresentação Fresco Conteúdo 500 g Embalagem Pacote Linha Linha Premium Informações Nutricionais Sódio por 100g Não consta Gorduras Saturadas por 100g Não consta Açúcar por 100g Não consta Proteínas por 100g Não consta Fibras por 100g Não consta Percentual de Frutas, Legumes, Verduras e Óleos Vegetais por 100g Não consta Escala de Sódio Alto Escala de Gorduras Saturadas Alto Escala de Açúcar Alto Escala de Proteínas Alto Escala de Fibras Alto Escala de Frutas, Legumes, Verduras e Óleos Vegetais Alto Porção 50 g Porção Equivalente 2 fatias Calorias (Kcal) 125 kcal Carboidratos 24 g Valores Diários de Fibras 5 Valor Energético (KJ) 531 kj Sódio 217 mg Gorduras Saturadas 0,5 g Proteínas 3,9 g Fibras 1,3 g Unidade de medida do peso g Considerar gordura adicionada Não consta Calorias por 100g Não consta Indicador Nutricional em número Não consta Escala de Calorias Alto Ingredientes Farinha de trigo enriquecida com ferro e ácido fólico, açúcar, gordura vegetal, sal refinado, glúten de trigo, soro de leite em pó, conservadores propionato de cálcio e sorbato de potássio, emulsificantes lecitina de soja e estearoil-2-lactil lactado de cálcio e antioxidante ácido ascórbico. Valores Diários de Carboidrato 8 Valores Diários de Proteínas 5 Gorduras Totais 1,5 g Valores Diários de Gorduras Totais 3 Gorduras Trans 0 g Valores Diários de Gorduras Trans ** Valores Diários de Sódio 9 Referência Valores Diários * %Valores Diários com base em uma dieta de 2.000kcal ou 8.400kj. Seus valores diários podem ser maiores ou menores dependendo de suas necessidades energéticas. ** VD nã",,9.49,,,,unknown,
Home,"Home Padaria e Matinais Pães e Torradas Pão de Forma Pão de Forma Wickbold 5 Zeros Viva Integralmente 400g Pão de Forma Wickbold 5 Zeros Viva Integralmente 400g Marca: Wickbold - Código: 327295588 R$ 9,69 Ver mais formas de pagamento Essa compra destrava cashback! Conheça mais sobre o produto Pão de Forma Wickbold 5 Zeros Viva Integralmente 400g Ver mais R$ 9,69 Adicionar ao Carrinho Vendido e entregue por Carrefour R$ 9,69 Adicionar ao Carrinho Vendido e entregue por Carrefour Especificações Técnicas Importante SAC do Fornecedor 0800 011 1938 Itens Inclusos Pão de Forma Wickbold 5 Zeros Viva Integralmente 400g Observações Imagem meramente ilustrativa;Todas as informações divulgadas são de responsabilidade do fabricante/fornecedor; Descrição do Produto Pão de Forma Wickbold 5 Zeros Viva Integralmente 400g Como você avalia a experiência nessa página? Sua opinião é muito importante para nós, compartilhe anonimamente o seu Feedback!! Gostaria de acrescentar mais detalhes? 0/500 caracteres restantes Não inclua informações confidenciais As informações confidencias são dados que precisam ser protegidos. Por exemplo, não inclua senhas, números de cartão de crédito nem dados pessoais. Cancelar Enviar Obrigado pelo seu feedback! Seu feedback nos ajuda a melhorar a sua experiência. Fechar",,9.69,,,,unknown,
Home,"Home Padaria e Matinais Pães e Torradas Pão de Forma Pão de Forma sem Casca Pullman 450g Pão de Forma sem Casca Pullman 450g Marca: Pullman - Código: 3709 Conheça mais sobre o produto Ideal para quem busca por praticidade. Além de ser muito utilizado para o preparo de lasanhas e tortas. Ver mais Este produto não possui estoque para entrega na sua região ou na loja escolhida para retirada. Verificar disponibilidade Vendido e entregue por Carrefour Especificações Técnicas Informações Nutricionais Sódio por 100g 364 mg Gorduras Saturadas por 100g 0,4 g Açúcar por 100g 1,8 g Proteínas por 100g 0 g Fibras por 100g 0 g Percentual de Frutas, Legumes, Verduras e Óleos Vegetais por 100g * Escala de Sódio Médio Escala de Gorduras Saturadas Não significativo Escala de Açúcar Não significativo Escala de Proteínas Não significativo Escala de Fibras Não significativo Escala de Frutas, Legumes, Verduras e Óleos Vegetais Não significativo Porção 50 g Porção Equivalente 2 1/2 fatias Calorias (Kcal) 115 kcal Valor Energético (KJ) 479 kj Sódio 219 mg Gorduras Saturadas 0 g Açúcar 0,9 g Unidade de medida do peso g Considerar gordura adicionada Não Calorias por 100g 222 kcal Indicador Nutricional em número 3 Escala de Calorias Baixo Ingredientes Farinha de trigo fortificada com ferro e ácido fólico, açúcar, óleo vegetal de soja, glúten, sal, vinagre, cloreto de potássio, conservadores: propionato de cálcio e ácido sórbico, emulsificantes: estearoil-2-lactil lactato de cálcio e polisorbato 80, melhoradores de farinha: fosfato monocálcico, cloreto de amônio e ácido ascórbico. Valores Diários de Açúcar ** Valores Diários de Sódio 9 Referência Valores Diários * %Valores Diários com base em uma dieta de 2.000kcal ou 8.400kj. Seus valores diários podem ser maiores ou menores dependendo de suas necessidades energéticas. ** VD não estabelecido. Contém Lactose Contém Contém Glúten Contém Contém Ovo Pode Conter Informação Nutricional Sim Peso Nutriescore 450 Líquido ou Sólido Nutriescore Sólido I",,,,,,unknown,
Home,"Home Padaria e Matinais Pães e Torradas Outros Pães Pão Integral Nutrella 450g Pão Integral Nutrella 450g Marca: Nutrella - Código: 2240 R$ 17,59 Ver mais formas de pagamento Essa compra destrava cashback! Conheça mais sobre o produto 100% sabor, aroma e textura. E assim como você, é cheia de vontades. Satisfazer as suas. A principal delas? Deliciosamente nutritiva, esta receita é cheia de saúde! O pão é feito com farinha totalmente integral, aquela que preserva vitaminas, proteínas, minerais e fibras dos grãos. Uma farinha 100% saudável e 100% alto astral! Acrescentamos a ela sementes poderosas como as de girassol, de linhaça e o gergelim, que além de Ver mais R$ 17,59 Adicionar ao Carrinho Vendido e entregue por Carrefour R$ 17,59 Adicionar ao Carrinho Vendido e entregue por Carrefour Especificações Técnicas Todo natural; Fonte de fibras; Zero conservantes; Sem gorduras trans Informações do Produto Tipo de Produto Integral Conteúdo 550 g País Brasil Embalagem Pacote Importante SAC do Fornecedor 0800 702 4626 Itens Inclusos 1 Pão Integral Nutrella Pacote 450 g Observações Imagem meramente ilustrativa; Todas as informações divulgadas são de responsabilidade do fabricante/fornecedor; Prazo de Validade: Vide Impresso na Embalagem Variantes Valores Diários de Gorduras Saturadas 2 Informações Nutricionais Sódio por 100g 306 mg Gorduras Saturadas por 100g 0,8 g Açúcar por 100g 6,2 g Proteínas por 100g 14,6 g Fibras por 100g 7,2 g Percentual de Frutas, Legumes, Verduras e Óleos Vegetais por 100g * Escala de Sódio Baixo Escala de Gorduras Saturadas Não significativo Escala de Açúcar Baixo Escala de Proteínas Alto Escala de Fibras Alto Escala de Frutas, Legumes, Verduras e Óleos Vegetais Não significativo Porção 50 g Porção Equivalente 1 1/2 fatias Calorias (Kcal) 137 kcal Carboidratos 22 g Valores Diários de Fibras 14 Valor Energético (KJ) 575 kj Sódio 153 mg Gorduras Saturadas 0,4 g Açúcar 3,1 g Proteínas 7,3 g Fibras 3,6 g Unidade de medida do peso g Considerar gordura a",,17.59,,,,unknown,
Home,"Home Padaria e Matinais Pães e Torradas Pão de Forma Pão de Forma Seven Boys 450g Pão de Forma Seven Boys 450g Marca: Seven Boys - Código: 8435 R$ 6,19 - 11 % R$ 5,49 Ver mais formas de pagamento Essa compra destrava cashback! Conheça mais sobre o produto Os tradicionais Pães de Sanduíche Seven Boys são consumidos por quem procura sabor, leveza, maciez e acima de tudo qualidade. Perfeitos para o café da manhã ou lanche da tarde. Livre de gorduras trans. A Seven Boys foi fundada em 1950. São anos fazendo parte da vida de diversas famílias, estando presente nos melhores momentos das crianças de todas as idades! Com uma linha de produtos bem diversificada, a Seven Boys fez parte do passado e continua fazendo parte do presente de muitos consumidores. Ficou com água na boca? Então aproveite a oportunidade e compre o pão de forma Seven Boys aqui no Carrefour! Ver mais R$ 6,19 - 11 % R$ 5,49 Adicionar ao Carrinho Vendido e entregue por Carrefour R$ 6,19 - 11 % R$ 5,49 Adicionar ao Carrinho Vendido e entregue por Carrefour Especificações Técnicas Macio e saboroso; Sem gorduras trans; Contém glúten Informações Nutricionais Sódio por 100g Não consta Gorduras Saturadas por 100g Não consta Açúcar por 100g Não consta Proteínas por 100g Não consta Fibras por 100g Não consta Percentual de Frutas, Legumes, Verduras e Óleos Vegetais por 100g Não consta Escala de Sódio Alto Escala de Gorduras Saturadas Alto Escala de Açúcar Alto Escala de Proteínas Alto Escala de Fibras Alto Escala de Frutas, Legumes, Verduras e Óleos Vegetais Alto Porção 50 g Porção Equivalente 2,5 fatias Calorias (Kcal) 126 kcal Carboidratos 25 g Valores Diários de Fibras 5 Valor Energético (KJ) 527 kj Sódio 182 mg Gorduras Saturadas 0,2 g Açúcar - g Proteínas 4,5 g Fibras 1,2 g Unidade de medida do peso g Considerar gordura adicionada Não consta Calorias por 100g Não consta Indicador Nutricional em número Não consta Escala de Calorias Alto Ingredientes Farinha de trigo enriquecida com ferro e ácido fólico, açúcar,",,6.19,,,,unknown,
Home,"Home Bebidas Refrigerantes Tradicional Refrigerante Coca-Cola Garrafa 2 L Refrigerante Coca-Cola Garrafa 2 L Marca: Coca-Cola - Código: 4766189 R$ 11,49 Ver mais formas de pagamento Essa compra destrava cashback! Conheça mais sobre o produto Refrigerante de Cola Original Coca-Cola Garrafa 2l Ver mais R$ 11,49 Adicionar ao Carrinho Vendido e entregue por Carrefour R$ 11,49 Adicionar ao Carrinho Vendido e entregue por Carrefour Especificações Técnicas Importante SAC do Fornecedor 0800-021-2121 Itens Inclusos 1 Refrigerante Coca-Cola Garrafa 2 L Informações do Produto Sabor Cola Tipo de Produto Refrigerante Apresentação Líquido Conteúdo 2 L Embalagem Garrafa Características do Produto Tipo de Refrigerante Tradicional Descrição do Produto Refrigerante de Cola Original Coca-Cola Garrafa 2l Como você avalia a experiência nessa página? Sua opinião é muito importante para nós, compartilhe anonimamente o seu Feedback!! Gostaria de acrescentar mais detalhes? 0/500 caracteres restantes Não inclua informações confidenciais As informações confidencias são dados que precisam ser protegidos. Por exemplo, não inclua senhas, números de cartão de crédito nem dados pessoais. Cancelar Enviar Obrigado pelo seu feedback! Seu feedback nos ajuda a melhorar a sua experiência. Fechar",,11.49,,,,unknown,
Home,"Home Bebidas Refrigerantes Sem Açúcar Refrigerante Guaraná Antarctica Sem Açúcar Garrafa 2L Refrigerante Guaraná Antarctica Sem Açúcar Garrafa 2L Marca: Antarctica - Código: 4159 R$ 9,49 -2% R$ 9,29 Ver mais formas de pagamento Essa compra destrava cashback! Conheça mais sobre o produto Guaraná Antarctica Sem Açúcar : Guaraná Antarctica Sem Açúcar é o mesmo sabor original do Brasil agora feito sem adição de açúcares. O refrigerante que é coisa nossa, é óbvio que combina com tudo. Da salada até o lanchão, sem exceções. Sabe o que é o melhor? Ele refrexcaaaa igualzinho ao tradicional. Ver mais R$ 9,49 -2% R$ 9,29 Adicionar ao Carrinho Vendido e entregue por Carrefour R$ 9,49 -2% R$ 9,29 Adicionar ao Carrinho Vendido e entregue por Carrefour Especificações Técnicas Zero Açúcar; Original do Brasil; Sabor Inconfundível; Leve e Refrescante Importante SAC do Fornecedor 0800 725 0009 Itens Inclusos 1 Garrafa de Refrigerante Antarctica de 2L. Observações Prazo de Validade: Vide Impresso na Embalagem. Características do Produto Linha Zero Tipo de Refrigerante Sem Açúcar Preferência de Consumo Diet Informações do Produto Sabor Guaraná Tipo de Produto Refrigerante Conteúdo 2 L País Brasil Recomendações de Conservação Temperatura Ideal de Conservação entre 13°C e 15°C. Diferenciais do Produto Zero Açúcar Embalagem Garrafa Fabricante Ambev Linha Zero Informações Nutricionais Sódio por 100g 5,5 mg Gorduras Saturadas por 100g 0 g Açúcar por 100g 0 g Proteínas por 100g 0 g Fibras por 100g 0 g Percentual de Frutas, Legumes, Verduras e Óleos Vegetais por 100g * Escala de Sódio Não significativo Escala de Gorduras Saturadas Não significativo Escala de Açúcar Não significativo Escala de Proteínas Não significativo Escala de Fibras Não significativo Escala de Frutas, Legumes, Verduras e Óleos Vegetais Não significativo Porção 200 ml Porção Equivalente 1 copo Calorias (Kcal) 0 kcal Carboidratos 0 g Valor Energético (KJ) 0 kj Sódio 11 mg Açúcar 0 g Unidade de medida do peso ml Considerar g",,9.49,,,,unknown,
Home,"Home Bebidas Refrigerantes Sem Açúcar Refrigerante Pepsi Black Garrafa 2L Refrigerante Pepsi Black Garrafa 2L Marca: Pepsi - Código: 7572 R$ 8,49 Ver mais formas de pagamento Essa compra destrava cashback! Conheça mais sobre o produto Originalmente, a fórmula da Pepsi foi criada para fins medicinais. Mas seu sabor agradou tanto que o xarope começou a ser consumido simplesmente por prazer. Cinco anos mais tarde, a fórmula transformou-se em bebida e começou a ser comercializada. Hoje, a Pepsi é um refrigerante de cola com aroma natural, muito apreciado pelo sabor suave e pela refrescância. Ver mais R$ 8,49 Adicionar ao Carrinho Vendido e entregue por Carrefour R$ 8,49 Adicionar ao Carrinho Vendido e entregue por Carrefour Especificações Técnicas Características do Produto Linha Zero Tipo de Refrigerante Sem Açúcar Informações Nutricionais Sódio por 100g 11 mg Gorduras Saturadas por 100g 0 g Açúcar por 100g 0 g Proteínas por 100g 0 g Fibras por 100g 0 g Percentual de Frutas, Legumes, Verduras e Óleos Vegetais por 100g * Escala de Sódio Não significativo Escala de Gorduras Saturadas Não significativo Escala de Açúcar Não significativo Escala de Proteínas Não significativo Escala de Fibras Não significativo Escala de Frutas, Legumes, Verduras e Óleos Vegetais Não significativo Porção 200 ml Porção Equivalente 1 copo Calorias (Kcal) 0 kcal Carboidratos 0 g Valor Energético (KJ) 0 kj Sódio 22 mg Açúcar 0 g Unidade de medida do peso ml Considerar gordura adicionada Não Calorias por 100g 0 kcal Indicador Nutricional em número 2 Escala de Calorias Não Significativo Ingredientes Água gaseificada, cafeína, extrato de noz de cola, corante caramelo IV, aromatizante, acidulantes: ácido fosfórico e ácido cítrico e edulcorantes: aspartame (34,9mg/100ml) e acessulfame de potássio (9mg/100ml). Valores Diários de Carboidrato 0 Valores Diários de Açúcar ** Valores Diários de Sódio 1 Referência Valores Diários * %Valores Diários com base em uma dieta de 2.000kcal ou 8.400kj. Seus valores",,8.49,,,,unknown,
Home,"Home Bebidas Refrigerantes Tradicional Refrigerante Kuat Guaraná 2L Refrigerante Kuat Guaraná 2L Marca: Kuat - Código: 728 R$ 6,69 -22% R$ 5,19 Ver mais formas de pagamento Essa compra destrava cashback! R$ 6,69 -22% R$ 5,19 Adicionar ao Carrinho Vendido e entregue por Carrefour R$ 6,69 -22% R$ 5,19 Adicionar ao Carrinho Vendido e entregue por Carrefour Especificações Técnicas Guaraná 100% Amazonas; Menos açúcar; Baixo teor de sódio; Não contém glúten Características do Produto Tipo de Refrigerante Tradicional Variantes Valores Diários de Gorduras Saturadas 0 Informações do Produto Sabor Guaraná Tipo de Produto Refrigerante Conteúdo 2 L País Brasil Embalagem Garrafa Fabricante Coca-Cola Brasil Importante Observações Prazo de Validade: Vide Impresso na Embalagem. Informações Nutricionais Sódio por 100g 10 mg Gorduras Saturadas por 100g 0 g Açúcar por 100g 6,5 g Proteínas por 100g 0 g Fibras por 100g 0 g Percentual de Frutas, Legumes, Verduras e Óleos Vegetais por 100g * Escala de Sódio Não significativo Escala de Gorduras Saturadas Não significativo Escala de Açúcar Médio Escala de Proteínas Não significativo Escala de Fibras Não significativo Escala de Frutas, Legumes, Verduras e Óleos Vegetais Não significativo Porção 200 ml Porção Equivalente 1 copo Calorias (Kcal) 53 kcal Carboidratos 13 g Valor Energético (KJ) 221 kj Sódio 20 mg Gorduras Saturadas 0 g Açúcar 13 g Unidade de medida do peso ml Considerar gordura adicionada Não Calorias por 100g 26,5 kcal Indicador Nutricional em número 4 Escala de Calorias Médio Ingredientes Água gaseificada, açúcar, extrato de guaraná, reguladores de acidez ácido cítrico e citrato de sódio, aroma sintético idêntico ao natural, corante caramelo IV, conservadores sorbato de potássio e benzoato de sódio, edulcorantes ciclamato de sódio (17mg) e sacarina de sódio (2mg) por 100ml. Valores Diários de Carboidrato 4 Valores Diários de Açúcar ** Gorduras Totais 0 g Valores Diários de Gorduras Totais 0 Valores Diários de Sódio 1 Referência",,6.69,,,,unknown,
Home,"Home Bebidas Refrigerantes Tradicional Refrigerante Fanta Laranja 2L Refrigerante Fanta Laranja 2L Marca: Fanta - Código: 4101 R$ 9,69 Ver mais formas de pagamento Essa compra destrava cashback! R$ 9,69 Adicionar ao Carrinho Vendido e entregue por Carrefour R$ 9,69 Adicionar ao Carrinho Vendido e entregue por Carrefour Especificações Técnicas Fonte de Vitamina C; Com suco de fruta; 25% menos açúcares; Não contém glúten Informações Nutricionais Sódio por 100g 31,5 mg Gorduras Saturadas por 100g 0 g Açúcar por 100g 7,5 g Proteínas por 100g 0 g Fibras por 100g 0 g Percentual de Frutas, Legumes, Verduras e Óleos Vegetais por 100g * Escala de Sódio Não significativo Escala de Gorduras Saturadas Não significativo Escala de Açúcar Médio Escala de Proteínas Não significativo Escala de Fibras Não significativo Escala de Frutas, Legumes, Verduras e Óleos Vegetais Não significativo Porção 200 ml Porção Equivalente 1 copo Calorias (Kcal) 62 kcal Carboidratos 15 g Valor Energético (KJ) 259 kj Sódio 63 mg Gorduras Saturadas 0 g Açúcar 15 g Unidade de medida do peso ml Considerar gordura adicionada Não Calorias por 100g 31 kcal Indicador Nutricional em número 5 Escala de Calorias Médio Ingredientes Água gaseificada, açúcar, sucos concentrados de laranja e maçã, vitamina C, reguladores de acidez ácido cítrico e citrato de sódio, aroma sintético idêntico ao natural, sequestrantes hexametafosfato de sódio e EDTA cálcio dissódico, conservadores benzoato de sódio e sorbato de potássio, edulcorantes sucralose (4,2mg) e acesulfame de potássio (3,2mg) por 100ml, corante artificial amarelo crepúsculo FCF. Valores Diários de Carboidrato 5 Valores Diários de Açúcar ** Gorduras Totais 0 g Valores Diários de Gorduras Totais 0 Valores Diários de Sódio 3 Vitamina C 6,8 mg Valores Diários de Vitamina C 15 Referência Valores Diários * % Valores Diários com base em uma dieta de 2000 kcal ou 8400 kj. Seus valores diários podem ser maiores ou menores dependendo de suas necessidades energéticas. ** VD",,9.69,,,,unknown,
"Este sitio web utiliza cookies propias para optimizar la experiencia de nuestros clientes, analizar estadísticas de navegación del sitio y de terceros para brindar contenidos personalizados de acuerdo","Este sitio web utiliza cookies propias para optimizar la experiencia de nuestros clientes, analizar estadísticas de navegación del sitio y de terceros para brindar contenidos personalizados de acuerdo con sus preferencias. Al dar click en [Aceptar], autoriza el uso de cookies durante su navegación. Para más información, consulte nuestra Política de Cookies en el Aviso de Privacidad . Aceptar Supermercado Despensa Granos y semillas Arroz Verde Valle Super Extra 900g Verde Valle Cargando comentarios… Arroz Verde Valle Super Extra 900g Arroz Verde Valle Super Extra 900g Referencia : 3008380 Información Arroz súper extra Verde Valle, es un arroz de la variedad grano largo y siendo ideal para todo tipo de platillos, es el más común en México y su calidad es “SUPER EXTRA” ya que contiene más del 95% de granos enteros. Las imágenes del producto son únicamente de referencia, el diseño de etiquetas y el contenido (ml, L, Kg, g, piezas, etc) pueden cambiar y/o variar sin previo aviso. Mostrar más Comparte Vendido y entregado por: Chedraui Descripción Especificaciones Consiga el arroz más blanco, entero y esponjadito con el Arroz Súper Extra Verde Valle. Prepárelo como usted prefiera y dele ese sazón especial, el Arroz Super Extra Verde Valle es ideal para cualquier tipo de preparación. Le tomará solo 25 minutos prepararlo y tenerlo listo para deleitar su paladar. Es un arroz de la variedad grano largo y siendo ideal para todo tipo de platillos, es el más común en México y su calidad es “SUPER EXTRA” ya que contiene más del 95% de granos enteros.",,,,,,unknown,
¿Qué estás buscando?,"¿Qué estás buscando? Ingresar Supermercado Despensa Tortilleria y pan empacados Pan Wonder Super Blanco Ajonjoli 567g Wonder Cargando comentarios… Pan Wonder Super Blanco Ajonjoli 567g Pan Wonder Super Blanco Ajonjoli 567g Referencia : 3271695 Información Prepara deliciosos platillos con la ayuda de tu Pan integral Wonder con Ajonjolí y disfruta de los beneficios de sus ingredientes. Las imágenes del producto son únicamente de referencia, el diseño de etiquetas y el contenido (ml, L, Kg, g, piezas, etc) pueden cambiar y/o variar sin previo aviso. Mostrar más Comparte Vendido y entregado por: Chedraui Descripción Especificaciones Sándwich, rollitos de jamón e incluso empanadas son algunas de las ideas para preparar deliciosos platillos con la ayuda de tu principal ingrediente, Pan integral Wonder con Ajonjolí, ¡Pruébalo!",,,,,,unknown,
Home,"Home Mercearia Massas e Molhos Massas Grano Duro Macarrão Talharim Camp Oro Grano Duro 500g Macarrão Talharim Camp Oro Grano Duro 500g Marca: Camp Oro - Código: 7768 R$ 49,89 Ver mais formas de pagamento Essa compra destrava cashback! R$ 49,89 Adicionar ao Carrinho Vendido e entregue por Carrefour R$ 49,89 Adicionar ao Carrinho Vendido e entregue por Carrefour Especificações Técnicas Importante Itens Inclusos 1 Macarrão Talharim Camp Oro Grano Duro 500g Observações Imagem meramente ilustrativa Prazo de Validade: Vide Impresso na Embalagem. Como você avalia a experiência nessa página? Sua opinião é muito importante para nós, compartilhe anonimamente o seu Feedback!! Gostaria de acrescentar mais detalhes? 0/500 caracteres restantes Não inclua informações confidenciais As informações confidencias são dados que precisam ser protegidos. Por exemplo, não inclua senhas, números de cartão de crédito nem dados pessoais. Cancelar Enviar Obrigado pelo seu feedback! Seu feedback nos ajuda a melhorar a sua experiência. Fechar",,49.89,,,,unknown,
Home,"Home Mercearia Massas e Molhos Massas com Ovos ou Sêmola Macarrão Espaguete n8 com Ovos Barilla 500g Macarrão Espaguete n8 com Ovos Barilla 500g Marca: Barilla - Código: 5085 R$ 4,99 Ver mais formas de pagamento Essa compra destrava cashback! Conheça mais sobre o produto A Massa com Ovos Barilla é macia e fica soltinha, sem necessidade de colocar óleo na água. Uma receita Italiana desenvolvida para o Brasil, feita com trigo tenro e agora com ovos de galinhas livres de gaiolas. Graças a seu diâmetro tradicional, de tamanho intermediário no universo das massas longas, o Espaguete 8 é extremamente versátil e permite infinitas combinações: desde as receitas mais tradicionais até as mais inéditas, é sempre perfeito para todas as ocasiões. Ver mais R$ 4,99 Adicionar ao Carrinho Vendido e entregue por Carrefour R$ 4,99 Adicionar ao Carrinho Vendido e entregue por Carrefour Especificações Técnicas Origem italiana; Harmoniza com molhos leves e encorpados; Com sêmola de trigo com ferro e ácido fólico; Macarrão Espaguete Barilla com Ovos Nº 8 de 500g Importante SAC do Fornecedor 0800 553 199, sac@barilla.com Itens Inclusos 1 Macarrão Espaguete Barilla com Ovos Nº 8 500g Observações Imagem meramente ilustrativa Prazo de Validade: Vide Impresso na Embalagem. Descrição do Produto A Massa com Ovos Barilla é macia e fica soltinha, sem necessidade de colocar óleo na água. Uma receita Italiana desenvolvida para o Brasil, feita com trigo tenro e agora com ovos de galinhas livres de gaiolas. Graças a seu diâmetro tradicional, de tamanho intermediário no universo das massas longas, o Espaguete 8 é extremamente versátil e permite infinitas combinações: desde as receitas mais tradicionais até as mais inéditas, é sempre perfeito para todas as ocasiões. Como você avalia a experiência nessa página? Sua opinião é muito importante para nós, compartilhe anonimamente o seu Feedback!! Gostaria de acrescentar mais detalhes? 0/500 caracteres restantes Não inclua informações confidenciais As informa",,4.99,,,,unknown,
Home,"Home Mercearia Massas e Molhos Massas com Ovos ou Sêmola Macarrão de Sêmola com Ovos Fidelinho 10 Adria 500g Macarrão de Sêmola com Ovos Fidelinho 10 Adria 500g Marca: Adria - Código: 9148 Conheça mais sobre o produto Adria com Ovos Fidelinho 10 é uma massa longa que combina muito bem com molhos menos encorpados, que envolvem todos os fios da massa. O macarrão Fidelinho 10 tem espessura mais fina do que o tradicional espaguete, o que garante um cozimento mais rápido. Essa característica é ideal para uma refeição mais prática do dia a dia, como o famoso e irresistível macarrão alho e óleo. Ver mais Este produto não possui estoque para entrega na sua região ou na loja escolhida para retirada. Verificar disponibilidade Vendido e entregue por Carrefour Especificações Técnicas Importante SAC do Fornecedor 0800 702 11 20 Itens Inclusos 1 Pacote de Macarrão Espaguete Adria com Ovos Nº10 500g Observações Imagem meramente ilustrativa Prazo de Validade: Vide Impresso na Embalagem Descrição do Produto Adria com Ovos Fidelinho 10 é uma massa longa que combina muito bem com molhos menos encorpados, que envolvem todos os fios da massa. O macarrão Fidelinho 10 tem espessura mais fina do que o tradicional espaguete, o que garante um cozimento mais rápido. Essa característica é ideal para uma refeição mais prática do dia a dia, como o famoso e irresistível macarrão alho e óleo. Como você avalia a experiência nessa página? Sua opinião é muito importante para nós, compartilhe anonimamente o seu Feedback!! Gostaria de acrescentar mais detalhes? 0/500 caracteres restantes Não inclua informações confidenciais As informações confidencias são dados que precisam ser protegidos. Por exemplo, não inclua senhas, números de cartão de crédito nem dados pessoais. Cancelar Enviar Obrigado pelo seu feedback! Seu feedback nos ajuda a melhorar a sua experiência. Fechar",,,,,,unknown,
Home,"Home Pratos Prontos e Massas Frescas Massas Frescas Massa Fresca Macarrão Talharim Massa Fresca Leve 500g Macarrão Talharim Massa Fresca Leve 500g Marca: Massa Leve - Código: 2144 R$ 10,79 Ver mais formas de pagamento Essa compra destrava cashback! Conheça mais sobre o produto Que tal dar aquela mudada na tradicional macarronada dos domingos levando à mesa um alimento saudável e cheio de sabor, mas com um formato diferente? Conheça o delicioso Macarrão Talharim Massa Fresca Leve 500g, da Massa Leve. O produto contém a tradicional fórmula com sêmola de trigo duro enriquecida com ferro e ácido fólico, o que deixa a sua refeição mais saudável. Livre de gordura trans. Ver mais R$ 10,79 Adicionar ao Carrinho Vendido e entregue por Carrefour R$ 10,79 Adicionar ao Carrinho Vendido e entregue por Carrefour Especificações Técnicas Textura lisa; Contém glúten; Manter em local fresco e arejado; Macarrão talharim Massa Fresca Leve 500g Importante SAC do Fornecedor 0800 196 263 Itens Inclusos 1 Macarrão Talharim Massa Fresca Leve 500g Observações Imagem meramente ilustrativa Prazo de Validade: Vide Impresso na Embalagem. Descrição do Produto Que tal dar aquela mudada na tradicional macarronada dos domingos levando à mesa um alimento saudável e cheio de sabor, mas com um formato diferente? Conheça o delicioso Macarrão Talharim Massa Fresca Leve 500g, da Massa Leve. O produto contém a tradicional fórmula com sêmola de trigo duro enriquecida com ferro e ácido fólico, o que deixa a sua refeição mais saudável. Livre de gordura trans. Como você avalia a experiência nessa página? Sua opinião é muito importante para nós, compartilhe anonimamente o seu Feedback!! Gostaria de acrescentar mais detalhes? 0/500 caracteres restantes Não inclua informações confidenciais As informações confidencias são dados que precisam ser protegidos. Por exemplo, não inclua senhas, números de cartão de crédito nem dados pessoais. Cancelar Enviar Obrigado pelo seu feedback! Seu feedback nos ajuda a melhorar a",,10.79,,,,unknown,
Home,"Home Mercearia Massas e Molhos Macarrão Massa de Milho Fusilli sem Glúten Quinoa Massa de Milho Fusilli sem Glúten Quinoa Marca: Tivva - Código: 7006288 R$ 12,19 Ver mais formas de pagamento Essa compra destrava cashback! Conheça mais sobre o produto O Fusilli de Milho com Quinoa Tivva, é feito com apenas 2 ingredientes, farinha de milho não transgênica e farinha de quinoa branca. É a opção perfeita para deixar as suas refeições mais saudáveis e nutritivas. Experimente! Ver mais R$ 12,19 Adicionar ao Carrinho Vendido e entregue por Carrefour R$ 12,19 Adicionar ao Carrinho Vendido e entregue por Carrefour Especificações Técnicas Importante SAC do Fornecedor atendimentoenovafoods.com.br - 0800 055 2323 Itens Inclusos 1 Massa de Milho Fusilli sem Glúten Quinoa Observações Imagem meramente ilustrativa; Todas as informações divulgadas são de responsabilidade do fabricante/fornecedor; Prazo de Validade: Vide Impresso na Embalagem Características do Produto Preferência de Consumo Glúten Free Descrição do Produto O Fusilli de Milho com Quinoa Tivva, é feito com apenas 2 ingredientes, farinha de milho não transgênica e farinha de quinoa branca. É a opção perfeita para deixar as suas refeições mais saudáveis e nutritivas. Experimente!",,12.19,,,,unknown,
Home,"Home Padaria e Matinais Leites Leite UHT Leite Integral UHT Italac 1 Litro Leite Integral UHT Italac 1 Litro Marca: Goiasminas - Código: 14972 Conheça mais sobre o produto O Leite Integral Italac tem 3% de gordura e é uma ótima fonte de proteína e cálcio. O leite é um alimento muito importante para prevenir problemas como osteoporose e para manter uma boa massa muscular. Em sua versão integral, o leite ajuda a prevenir a osteoporose, melhora o funcionamento do sistema nervoso e auxilia no controle da pressão alta. Italac é a marca de lácteos mais comprada do Brasil. São mais de 100 produtos e mais de 7 milhões de litros de leite por dia! Muito bom, não é mesmo? Então aproveite a oportunidade e compre o Leite Integral Italac aqui no Carrefour! Ver mais Este produto não possui estoque para entrega na sua região ou na loja escolhida para retirada. Verificar disponibilidade Vendido e entregue por Carrefour Especificações Técnicas 3% de gordura; Rico em proteínas; Fonte de cálcio; Não contém glúten Informações Nutricionais Sódio por 100g 52,5 mg Gorduras Saturadas por 100g 2 g Açúcar por 100g * Proteínas por 100g 2,9 g Fibras por 100g 0 g Percentual de Frutas, Legumes, Verduras e Óleos Vegetais por 100g * Escala de Sódio Não significativo Escala de Gorduras Saturadas Baixo Escala de Açúcar Baixo Escala de Proteínas Baixo Escala de Fibras Não significativo Escala de Frutas, Legumes, Verduras e Óleos Vegetais Não significativo Unidade de medida do peso ml Considerar gordura adicionada Não Calorias por 100g 58,5 kcal Indicador Nutricional em número 2 Escala de Calorias Não Significativo Ingredientes Leite Integral e Estabilizantes, Citrato de Sódio Trifosfato de Sódio e Monofosfato mMonossódico e Difosfato Dissódico. Contém Lactose Contém Contém Glúten Não Contém Contém Ovo Não Informado Informação Nutricional Sim Peso Nutriescore 1000 Líquido ou Sólido Nutriescore Sólido Informações do Produto Apresentação Líquido Conteúdo 1 L País Brasil Recomendações de Conservação Após ",,,,,,unknown,
Home,"Home Padaria e Matinais Leites Leite UHT Leite Zero Lactose Semidesnatado Parmalat ZYMIL 1L Leite Zero Lactose Semidesnatado Parmalat ZYMIL 1L Marca: Parmalat - Código: 17146 R$ 6,09 -9% R$ 5,54 Ver mais formas de pagamento Essa compra destrava cashback! Conheça mais sobre o produto O leite Parmalat ZYMIL é próprio para dietas com restrição de lactose. Seidesnatado, o produto tem 3 vezes menos gordura se comparado aos leites tradicionais. Embalagem com 1 litro. Informação Nutricional (Porção de 100ml): Valor Energético: 39 kcal = 154kJ Carboidratos: 4,5g Galactose: 2,3g Lactose: 0 Proteínas: 3,0g Gorduras Totais: 1,0g Gorduras Saturadas: 0,6g Gorduras Trans: 0 Sódio: 65mg Cálcio: 105mg Diabéticos: Contém glicose e galactose. Consumir preferencialmente sob orientação de nutricionista ou médico. Ver mais R$ 6,09 -9% R$ 5,54 Adicionar ao Carrinho Vendido e entregue por Carrefour R$ 6,09 -9% R$ 5,54 Adicionar ao Carrinho Vendido e entregue por Carrefour Especificações Técnicas Importante Itens Inclusos 1 Leite Zero Lactose Semidesnatado Parmalat ZYMIL 1L Observações Imagem meramente ilustrativa Prazo de Validade: Vide Impresso na Embalagem Todas as informações divulgadas são de responsabilidade do fabricante/fornecedor Informações Nutricionais Sódio por 100g 65 mg Gorduras Saturadas por 100g 0,6 g Açúcar por 100g 4,5 g Proteínas por 100g 3 g Fibras por 100g 0 g Percentual de Frutas, Legumes, Verduras e Óleos Vegetais por 100g * Escala de Sódio Não significativo Escala de Gorduras Saturadas Não significativo Escala de Açúcar Não significativo Escala de Proteínas Baixo Escala de Fibras Não significativo Escala de Frutas, Legumes, Verduras e Óleos Vegetais Não significativo Porção 100 ml Calorias (Kcal) 39 kcal Carboidratos 4,5 g Cálcio 105 mg Valores Diários de Fibras 0 Valor Energético (KJ) 164 kj Sódio 65 mg Gorduras Saturadas 0,6 g Proteínas 3,0 g Fibras 0 g Unidade de medida do peso ml Considerar gordura adicionada Não Calorias por 100g 39 kcal Indicador Nutricional e",,6.09,,,,unknown,
Home,"Home Padaria e Matinais Leites Leite Integral Lider 1 L Leite Integral Lider 1 L Marca: lider - Código: 8445 R$ 4,79 - 10 % R$ 4,32 Ver mais formas de pagamento Essa compra destrava cashback! Conheça mais sobre o produto Leite Integral Lider 1 L Ver mais R$ 4,79 - 10 % R$ 4,32 Adicionar ao Carrinho Vendido e entregue por Carrefour R$ 4,79 - 10 % R$ 4,32 Adicionar ao Carrinho Vendido e entregue por Carrefour Especificações Técnicas Informações Nutricionais Sódio por 100g 71,5 mg Gorduras Saturadas por 100g 1,9 g Açúcar por 100g * Proteínas por 100g 3,1 g Fibras por 100g 0 g Percentual de Frutas, Legumes, Verduras e Óleos Vegetais por 100g 0-40% Escala de Sódio Não significativo Escala de Gorduras Saturadas Baixo Escala de Açúcar Baixo Escala de Proteínas Baixo Escala de Fibras Não significativo Escala de Frutas, Legumes, Verduras e Óleos Vegetais Não significativo Porção 200 ml Porção Equivalente 1 copo Calorias (Kcal) 116 kcal Carboidratos 9,3 g Cálcio 240 mg Valores Diários de Fibras 0 Valor Energético (KJ) 487 kj Sódio 143 mg Gorduras Saturadas 3,7 g Proteínas 6,2 g Fibras 0 g Unidade de medida do peso ml Considerar gordura adicionada Não Calorias por 100g 58 kcal Indicador Nutricional em número 2 Escala de Calorias Não Significativo Ingredientes Leite integral, estabilizantes (trifosfato de sódio, difosfato de sódio, monofosfato de sódio) e citrato de sódio. Valores Diários de Carboidrato 3 Valores Diários de Proteínas 8 Gorduras Totais 6,0 g Valores Diários de Gorduras Totais 11 Gorduras Trans 0 g Valores Diários de Gorduras Trans VD não estabelecido. Valores Diários de Sódio 6 Valores Diários de Cálcio 24 Referência Valores Diários * %Valores Diários com base em uma dieta de 2.000kcal ou 8.400kj. Seus valores diários podem ser maiores ou menores dependendo de suas necessidades energéticas. Contém Lactose Contém Contém Glúten Não Contém Contém Ovo Não Informado Informação Nutricional Sim Peso Nutriescore 1000 Líquido ou Sólido Nutriescore Sólido Importante SAC d",,4.79,,,,unknown,
Home,"Home Padaria e Matinais Leites Leite UHT Leite UHT Integral Itambé Caixa com Tampa 1 L Leite UHT Integral Itambé Caixa com Tampa 1 L Marca: Vigor - Código: 3406 Conheça mais sobre o produto Leite UHT Integral Itambé Caixa com Tampa 1 L Ver mais Este produto não possui estoque para entrega na sua região ou na loja escolhida para retirada. Verificar disponibilidade Vendido e entregue por Carrefour Especificações Técnicas Informações Nutricionais Sódio por 100g 69 mg Gorduras Saturadas por 100g 2 g Açúcar por 100g * Proteínas por 100g 3 g Fibras por 100g 0 g Percentual de Frutas, Legumes, Verduras e Óleos Vegetais por 100g * Escala de Sódio Não significativo Escala de Gorduras Saturadas Baixo Escala de Açúcar Não significativo Escala de Proteínas Baixo Escala de Fibras Não significativo Escala de Frutas, Legumes, Verduras e Óleos Vegetais Não significativo Porção 200 ml Porção Equivalente 1 copo Calorias (Kcal) 113 kcal Carboidratos 8,8 g Cálcio 230 mg Valores Diários de Fibras 0 Valor Energético (KJ) 475 kj Sódio 138 mg Gorduras Saturadas 4,0 g Proteínas 6,0 g Fibras 0 g Unidade de medida do peso ml Considerar gordura adicionada Não Calorias por 100g 56,5 kcal Indicador Nutricional em número 2 Escala de Calorias Não Significativo Ingredientes Leite integral, estabilizante citrato de sódio e mistura de estabilizantes para leite UHT (trifosfato de sódio, difosfato de sódio e monofosfato de sódio). Valores Diários de Carboidrato 3 Valores Diários de Proteínas 8 Gorduras Totais 6,0 g Valores Diários de Gorduras Totais 11 Gorduras Trans 0 g Valores Diários de Gorduras Trans ** Valores Diários de Sódio 6 Valores Diários de Cálcio 23 Referência Valores Diários * %Valores Diários com base em uma dieta de 2.000kcal ou 8.400kj. Seus valores diários podem ser maiores ou menores dependendo de suas necessidades energéticas. ** VD não estabelecido. Contém Lactose Contém Contém Glúten Não Contém Contém Ovo Não Informado Informação Nutricional Sim Peso Nutriescore 1000 Líquido ou Sól",,,,,,unknown,
Home,"Home Padaria e Matinais Leites Leite UHT Leite Integral UHT Ninho Fortificado 1L Leite Integral UHT Ninho Fortificado 1L Marca: Nestlé - Código: 7338425 Conheça mais sobre o produto Consuma o Leite Integral UHT Ninho Fortificado à qualquer hora do dia, no café da manhã, da tarde, ou até no pós treino! A caixa possui tampa. Contém 1 litro. Ver mais Este produto não possui estoque para entrega na sua região ou na loja escolhida para retirada. Verificar disponibilidade Vendido e entregue por Carrefour Especificações Técnicas Produto sem estabilizantes. Alguns nutrientes podem se depositar no fundo da embalagem. Características do Produto Linha Ninho Dimensões e Peso Peso aproximado do produto sem embalagem 1000 ml Importante SAC do Fornecedor 0800 606 7578 Itens Inclusos Leite Integral UHT Ninho Fortificado 1L Observações Imagem meramente ilustrativa; Todas as informações divulgadas são de responsabilidade do fabricante/fornecedor; Prazo de Validade: Vide Impresso na Embalagem. Produto Internacional Não Informações do Produto Intolerância Alimentar Não contém Glúten. Contém leite e derivados do leite. Contém Lactose. Tipo de Produto Leite Apresentação Líquido Conteúdo 1 L País Brasil Embalagem Caixa Linha Ninho Manipulação Específica Pronto para Consumo Informações Nutricionais Sódio por 100g Não consta Gorduras Saturadas por 100g Não consta Açúcar por 100g Não consta Proteínas por 100g Não consta Fibras por 100g Não consta Percentual de Frutas, Legumes, Verduras e Óleos Vegetais por 100g Não consta Escala de Sódio Alto Escala de Gorduras Saturadas Alto Escala de Açúcar Alto Escala de Proteínas Alto Escala de Fibras Alto Escala de Frutas, Legumes, Verduras e Óleos Vegetais Alto Considerar gordura adicionada Não consta Calorias por 100g Não consta Indicador Nutricional em número Não consta Escala de Calorias Alto Ingredientes Leite integral e vitaminas [vitamina C (ácido ascórbico), vitamina E (acetato de DL-alfa-tocoferila), vitamina A (acetato de retinila) e vitamina ",,,,,,unknown,
¿Qué estás buscando?,"¿Qué estás buscando? Ingresar Supermercado Despensa Endulzantes Azúcar Chedraui Estándar 900g Chedraui Cargando comentarios… Azúcar Chedraui Estándar 900g Azúcar Chedraui Estándar 900g Referencia : 3793492 Información Azúcar Chedraui Estándar 900g Las imágenes del producto son únicamente de referencia, el diseños de etiquetas y el contenido (ml, L, Kg, g, piezas, etc) pueden cambiar y/o variar sin previo aviso. Mostrar más Comparte Vendido y entregado por: Chedraui Descripción Especificaciones Prepara tu despensa en unos cuantos clics y descubre nuestra gran variedad de productos. ¡No salgas de casa, nosotros te llevamos el súper!",,,,,,unknown,
Home,"Home Bebidas Cervejas Cervejas Tradicionais Cerveja Heineken Garrafa 600ml Cerveja Heineken Garrafa 600ml Marca: Heineken - Código: 1031 R$ 13,49 Ver mais formas de pagamento Essa compra destrava cashback! Conheça mais sobre o produto Heineken é uma cerveja lager Puro Malte, refrescante e de cor amarelo-dourado, produzida com ingredientes 100% naturais: água, malte e lúpulo. Durante o processo de fermentação da Heineken, a exclusiva Levedura A é responsável pelo sabor característico e bem equilibrado, com notas frutadas sutis. A cerveja é fabricada em tanques horizontais para mais sabor e consistência. É por isso que nenhuma outra cerveja tem o gosto de Heineken. Aprecie uma Heineken gelada, fresca e de alta qualidade na icônica versão em garrafa 600ml. A Heineken foi criada para ser a melhor cerveja do mundo desde 1873. Algumas coisas são boas demais para mudar! A lager é uma cerveja mais leve e combina bem com hambúrguer, comida mexicana, queijos e castanhas. Perfeita para qualquer ocasião! Ver mais R$ 13,49 Adicionar ao Carrinho Vendido e entregue por Carrefour R$ 13,49 Adicionar ao Carrinho Vendido e entregue por Carrefour Especificações Técnicas Puro Malte; 100% natural; Fermentação horizontal; Cerveja Premium Importante Importante Imagem meramente ilustrativa A venda e o consumo de bebidas alcoólicas são proibidos para menores de 18 anos. Bebida Alcoólica pode causar dependência química, e em excesso, provoca graves males à saúde. Beba com Moderação. Itens Inclusos 1 Garrafa Heineken Ow 600ml. Observações A venda e o consumo de bebidas alcoólicas são proibidos para menores de 18 anos. Bebida Alcoólica pode causar dependência química, e em excesso, provoca graves males à saúde.Beba com Moderação. Informações do Produto Fermentação Baixa Quantidade de Garrafas 1.0 Tamanho da Lata ou Garrafa Grande Estilo de Cerveja Pilsen Tipo de Cerveja Tradicional País Brasil Unidades 1 Características do Produto Graduação Alcóolica 5 % Descrição do Produto Heineken é uma cerv",,13.49,,,,unknown,
Home,"Home Bebidas Cervejas Cervejas Tradicionais Cerveja Lager Premium Puro Malte Stella Artois 330ml Cerveja Lager Premium Puro Malte Stella Artois 330ml Marca: Stella Artois - Código: 6989537 R$ 6,49 -8% R$ 5,99 Ver mais formas de pagamento Essa compra destrava cashback! Conheça mais sobre o produto A receita de Stella Artois foi criada, originalmente, como um presente de natal para os habitantes da pequena cidade de Leuven, na Bélgica. Cristalina, recebeu o nome de Stella, estrela em Latim. Sua receita única produz uma cerveja com aromas suaves e notas maltadas. A experiência e a tradição cervejeira de mais de 600 anos resultam em uma lager muito bem equilibradas. Uma cerveja de sabor intenso e com final suave. Stella Artois foi criada para ser saboreada. Ver mais R$ 6,49 -8% R$ 5,99 Adicionar ao Carrinho Vendido e entregue por Carrefour R$ 6,49 -8% R$ 5,99 Adicionar ao Carrinho Vendido e entregue por Carrefour Especificações Técnicas Família: Lager; Tipo de Cerveja: Premium Puro Malte; Especificidades Alimentares: Contém Glúten; Embalagem: Garrafa; Recomendação de Conservação: Conservar em local Temperatura Ambiente Informações do Produto País Brasil Importante SAC do Fornecedor 0800 725 0001 Importante Imagem meramente ilustrativa A venda e o consumo de bebidas alcoólicas são proibidos para menores de 18 anos. Bebida Alcoólica pode causar dependência química, e em excesso, provoca graves males à saúde. Beba com Moderação. Itens Inclusos Cerveja Lager Premium Puro Malte Stella Artois Garrafa 330ml Observações Imagem meramente ilustrativa; Todas as informações divulgadas são de responsabilidade do fabricante/fornecedor; Prazo de Validade: Vide Impresso na Embalagem. Características do Produto Graduação Alcóolica 5 % Dimensões e Peso Peso aproximado do produto sem embalagem 330 ml Descrição do Produto A receita de Stella Artois foi criada, originalmente, como um presente de natal para os habitantes da pequena cidade de Leuven, na Bélgica. Cristalina, recebeu o nome de ",,6.49,,,,unknown,
Home,"Home Bebidas Cervejas Cervejas Tradicionais Cerveja Brahma Duplo Malte Puro Malte 350ml Lata Cerveja Brahma Duplo Malte Puro Malte 350ml Lata Marca: Brahma - Código: 19775 R$ 3,99 - 13 % R$ 3,49 Ver mais formas de pagamento Essa compra destrava cashback! Conheça mais sobre o produto Brahma Duplo Malte possui dois tipos de malte, uma combinação surpreendente entre a leveza do Malte Pilsen ​e o sabor do Malte Munich: equlíbrio perfeito entre sabor e refrescância. Temos uma cerveja puro malte dourada e com aquela espuma cremosa que você já ama. A única com Brahmosidade. Brahmosidade é a cremosidade que só a Brahma Duplo Malte tem! Ingredientes: Água, Malte, Lúpulo. Alergênicos: Contém cevada e glúten. Harmonização: Amendoim, Croquete de Carne, Batata frita e é claro, com um maravilhoso churrasco! Ver mais R$ 3,99 - 13 % R$ 3,49 Adicionar ao Carrinho Vendido e entregue por Carrefour R$ 3,99 - 13 % R$ 3,49 Adicionar ao Carrinho Vendido e entregue por Carrefour Especificações Técnicas Características do Produto Graduação Alcóolica 4.8 % Importante SAC do Fornecedor 0800 887 1111 Importante Imagem meramente ilustrativa A venda e o consumo de bebidas alcoólicas são proibidos para menores de 18 anos. Bebida Alcoólica pode causar dependência química, e em excesso, provoca graves males à saúde. Beba com Moderação. Itens Inclusos 1 Lata de Brahma 350ml. Observações A venda e o consumo de bebidas alcoólicas são proibidos para menores de 18 anos. Bebida Alcoólica pode causar dependência química, e em excesso, provoca graves males à saúde.Beba com Moderação. Informações do Produto Fermentação Baixa Quantidade de Latas 1.0 Tamanho da Lata ou Garrafa Tradicional Estilo de Cerveja Pilsen Tipo de Cerveja Tradicional País Brasil Unidades 1 Descrição do Produto Brahma Duplo Malte possui dois tipos de malte, uma combinação surpreendente entre a leveza do Malte Pilsen ​e o sabor do Malte Munich: equlíbrio perfeito entre sabor e refrescância. Temos uma cerveja puro malte dourada e com aque",,3.99,,,,unknown,
Home,"Home Bebidas Cervejas Cervejas Tradicionais Cerveja Munich Helles Puro Malte Spaten Garrafa 330ml Cerveja Munich Helles Puro Malte Spaten Garrafa 330ml Marca: Spaten - Código: 333120521 R$ 5,79 Ver mais formas de pagamento Essa compra destrava cashback! Conheça mais sobre o produto Experimente a Cerveja Munich Helles Puro Malte Spaten Garrafa 330ml Ver mais R$ 5,79 Adicionar ao Carrinho Vendido e entregue por Carrefour R$ 5,79 Adicionar ao Carrinho Vendido e entregue por Carrefour Especificações Técnicas Ingredientes:Água, malte e lúpulo. Importante SAC do Fornecedor 0800 725 0126 Itens Inclusos Cerveja Munich Helles Puro Malte Spaten Garrafa 330ml Observações Imagem meramente ilustrativa; Todas as informações divulgadas são de responsabilidade do fabricante/fornecedor; Prazo de Validade: Vide Impresso na Embalagem; A venda e o consumo de bebidas alcoólicas são proibidos para menores de 18 anos. Bebida alcoólica pode causar dependência química, e em excesso, provoca graves males à saúde. Beba com moderação. Dimensões e Peso Peso aproximado do produto sem embalagem 330ml Descrição do Produto Experimente a Cerveja Munich Helles Puro Malte Spaten Garrafa 330ml Como você avalia a experiência nessa página? Sua opinião é muito importante para nós, compartilhe anonimamente o seu Feedback!! Gostaria de acrescentar mais detalhes? 0/500 caracteres restantes Não inclua informações confidenciais As informações confidencias são dados que precisam ser protegidos. Por exemplo, não inclua senhas, números de cartão de crédito nem dados pessoais. Cancelar Enviar Obrigado pelo seu feedback! Seu feedback nos ajuda a melhorar a sua experiência. Fechar",,5.79,,,,unknown,
Home,"Home Bebidas Cervejas Cervejas Tradicionais Cerveja Budweiser American Lager 330ml Long Neck Cerveja Budweiser American Lager 330ml Long Neck Marca: Budweiser - Código: 15695 R$ 5,69 Ver mais formas de pagamento Essa compra destrava cashback! Conheça mais sobre o produto A cerveja Budweiser é uma American Larger que possui sabor leve, cor clara e aroma discreto. As lascas de Beechwood, madeira especial utilizada no processo de fermentação e maturação da Budweiser, conferem um sabor equilibrado, marcante no início e suave no final. Mesma receita americana desde 1876. Sua levedura própria garante o aroma frutal e a maior refrescância. Demora mais tempo para ser feita, maturada com madeira faia (beechwood). Isso aumenta a atuação das leveduras durante o processo de maturação. Harmonização: O sabor marcante no começo e suave no final de Budweiser pede que ela harmonize com hambúrguer clássico, presunto cozido e mix de castanhas. Avaliada como melhor sabor pelo consumidor de cerveja brasileiro. Ver mais R$ 5,69 Adicionar ao Carrinho Vendido e entregue por Carrefour R$ 5,69 Adicionar ao Carrinho Vendido e entregue por Carrefour Especificações Técnicas Standard American Lager; Garrafa Longneck; Baixa fermentação Informações do Produto Harmonização Indicada Combina com petiscos como queijos leves, castanhas, amendoins e também com frutos do mar como camarão, lula, mariscos e peixe Tamanho da Lata ou Garrafa Tradicional Estilo de Cerveja Pilsen Tipo de Cerveja Tradicional País Estados Unidos Unidades 1 Características do Produto Graduação Alcóolica 5 % Importante Importante Imagem meramente ilustrativa A venda e o consumo de bebidas alcoólicas são proibidos para menores de 18 anos. Bebida Alcoólica pode causar dependência química, e em excesso, provoca graves males à saúde. Beba com Moderação. Itens Inclusos 1 Long Neck 330ml Observações Imagem meramente ilustrativa Prazo de Validade: Vide Impresso na Embalagem A venda e o consumo de bebidas alcoólicas são proibidos para men",,5.69,,,,unknown,
Home,"Home Açougue e Peixaria Aves Outras Carnes de Aves Frango de Padaria tradicional Seara Aprox. 1,4Kg Frango de Padaria tradicional Seara Aprox. 1,4Kg Marca: Seara - Código: 310580559 R$ 25,19 R$ 17,99 / kg Ver mais formas de pagamento Essa compra destrava cashback! Conheça mais sobre o produto Não tem nada igual ao sabor de um frango de padaria. O Frango Inteiro Congelado Temperado Seara Frango de Padaria Aproximadamente 1,4 kg leva todo o sabor e cheirinho de domingo para todos os dias da semana. É macio e suculento, já vem temperado, pronto para ir do freezer para a air fryer ou forno. Ver mais R$ 25,19 R$ 17,99 / kg Adicionar ao Carrinho Vendido e entregue por Carrefour R$ 25,19 R$ 17,99 / kg Adicionar ao Carrinho Vendido e entregue por Carrefour Especificações Técnicas Importante SAC do Fornecedor 0800 47 3031 Itens Inclusos 1 pacote de Frango Inteiro Congelado Temperado Seara Frango de Padaria Aproximadamente 1,4 kg Observações Imagem meramente ilustrativa; Todas as informações divulgadas são de responsabilidade do fabricante/fornecedor; Prazo de Validade: Vide Impresso na Embalagem Descrição do Produto Não tem nada igual ao sabor de um frango de padaria. O Frango Inteiro Congelado Temperado Seara Frango de Padaria Aproximadamente 1,4 kg leva todo o sabor e cheirinho de domingo para todos os dias da semana. É macio e suculento, já vem temperado, pronto para ir do freezer para a air fryer ou forno. Como você avalia a experiência nessa página? Sua opinião é muito importante para nós, compartilhe anonimamente o seu Feedback!! Gostaria de acrescentar mais detalhes? 0/500 caracteres restantes Não inclua informações confidenciais As informações confidencias são dados que precisam ser protegidos. Por exemplo, não inclua senhas, números de cartão de crédito nem dados pessoais. Cancelar Enviar Obrigado pelo seu feedback! Seu feedback nos ajuda a melhorar a sua experiência. Fechar",,25.19,,,,unknown,
Home,"Home Açougue e Peixaria Aves Filé Filé de Peito de Frango Congelado sem Osso Perdigão 1Kg - Sassami Filé de Peito de Frango Congelado sem Osso Perdigão 1Kg - Sassami Marca: Perdigão - Código: 6143 R$ 22,99 Ver mais formas de pagamento Essa compra destrava cashback! Conheça mais sobre o produto O Filezinho Perdigão, conhecido também como Sassami, é o corte mais nobre do frango. É como se fosse um filé mignon, pois é muito macio e suculento. Inclusive, possui um formato bem parecido com famoso corte bovino. O Filezinho Perdigão é congelado in natura, sem uso de hormônios, como estabelece a legislação brasileira. Eles podem ser preparados de diversas formas: grelhado, empanado, assado e gratinado. Você pode usar frigideira, forno e, até mesmo, churrasqueira. Fica uma delícia! Para acompanhar, um molho suave é o ideal. Em relação às guarnições, vegetais grelhados, purê ou salada fazem uma combinação mais light. Ficou com água na boca? Então aproveite e leve para casa a embalagem de 1kg aqui no Carrefour! Ver mais R$ 22,99 Adicionar ao Carrinho Vendido e entregue por Carrefour R$ 22,99 Adicionar ao Carrinho Vendido e entregue por Carrefour Especificações Técnicas Rico em proteína; Sem gordura trans; Não contém glútem Importante SAC do Fornecedor 0800 701 7782 Itens Inclusos 1 Pacote de Filé de Frango Perdigão 1Kg Descrição do Produto O Filezinho Perdigão, conhecido também como Sassami, é o corte mais nobre do frango. É como se fosse um filé mignon, pois é muito macio e suculento. Inclusive, possui um formato bem parecido com famoso corte bovino. O Filezinho Perdigão é congelado in natura, sem uso de hormônios, como estabelece a legislação brasileira. Eles podem ser preparados de diversas formas: grelhado, empanado, assado e gratinado. Você pode usar frigideira, forno e, até mesmo, churrasqueira. Fica uma delícia! Para acompanhar, um molho suave é o ideal. Em relação às guarnições, vegetais grelhados, purê ou salada fazem uma combinação mais light. Ficou com água na boca?",,22.99,,,,unknown,
Home,"Home Açougue e Peixaria Aves Filé Filé de Frango Peito Congelado sem Osso Sadia 1Kg Filé de Frango Peito Congelado sem Osso Sadia 1Kg Marca: Sadia - Código: 6146 R$ 26,99 Ver mais formas de pagamento Essa compra destrava cashback! Conheça mais sobre o produto O Filé de Peito de Frango da Linha Na Medida Sadia é o frango na medida para você. Descongele apenas o que vai consumir, depois é só guardar o que sobrou. Prático, não? Congelados 1 a 1, os filés não possuem conservantes e nem hormônios. Uma refeição muito mais saudável para a sua família. Sugestão de preparo: Tempere os filés com sal, pimenta-do-reino recém-moída e ervas frescas. Aqueça por 3 minutos uma frigideira grossa ou chapa e regue com um fio de azeite. Fica uma delícia! Aproveite e compre agora mesmo no Carrefour o Filé de Peito de Frango Na Medida Sadia. Ver mais R$ 26,99 Adicionar ao Carrinho Vendido e entregue por Carrefour R$ 26,99 Adicionar ao Carrinho Vendido e entregue por Carrefour Especificações Técnicas Sem hormônios; Sem conservantes; Fonte de proteínas; Sem gorduras trans Importante Itens Inclusos 1 Bandeja de Filé de Peito Congelado Sadia 1Kg Descrição do Produto O Filé de Peito de Frango da Linha Na Medida Sadia é o frango na medida para você. Descongele apenas o que vai consumir, depois é só guardar o que sobrou. Prático, não? Congelados 1 a 1, os filés não possuem conservantes e nem hormônios. Uma refeição muito mais saudável para a sua família. Sugestão de preparo: Tempere os filés com sal, pimenta-do-reino recém-moída e ervas frescas. Aqueça por 3 minutos uma frigideira grossa ou chapa e regue com um fio de azeite. Fica uma delícia! Aproveite e compre agora mesmo no Carrefour o Filé de Peito de Frango Na Medida Sadia. Como você avalia a experiência nessa página? Sua opinião é muito importante para nós, compartilhe anonimamente o seu Feedback!! Gostaria de acrescentar mais detalhes? 0/500 caracteres restantes Não inclua informações confidenciais As informações confidencias são dados qu",,26.99,,,,unknown,
Home,"Home Açougue e Peixaria Aves Filé Filé de Peito de Frango Congelado Korin Boa Pedida 700g Filé de Peito de Frango Congelado Korin Boa Pedida 700g Marca: Korin - Código: 328829370 Conheça mais sobre o produto Compre hoje mesmo o Filé de Peito de Frango Congelado Korin Boa Pedida 700g Ver mais Este produto não possui estoque para entrega na sua região ou na loja escolhida para retirada. Verificar disponibilidade Vendido e entregue por Carrefour Especificações Técnicas Formato: Filé de Peito; País: Brasil Importante SAC do Fornecedor (19) 2660-3221/Whatsapp: (11) 98373-9958 Itens Inclusos Filé de Peito de Frango Congelado sem Osso Korin Boa Pedida 700g Observações Imagem meramente ilustrativa; Todas as informações divulgadas são de responsabilidade do fabricante/fornecedor; Prazo de Validade: Vide Impresso na Embalagem. Filé de Peito Informações do Produto Recomendações de Conservação Conservação doméstica: Embalagem fechada: Freezer: (-12 °C ou mais frio). Congelador: (-11 °C a -8°C). Refrigerador: (0°C a 4°C). Uma vez descongelado, este produto não deve ser congelado novamente. Informações Nutricionais Ingredientes Frango in natura. Características do Produto Linha Boa Pedida Dimensões e Peso Peso aproximado do produto sem embalagem 700g Descrição do Produto Compre hoje mesmo o Filé de Peito de Frango Congelado Korin Boa Pedida 700g Como você avalia a experiência nessa página? Sua opinião é muito importante para nós, compartilhe anonimamente o seu Feedback!! Gostaria de acrescentar mais detalhes? 0/500 caracteres restantes Não inclua informações confidenciais As informações confidencias são dados que precisam ser protegidos. Por exemplo, não inclua senhas, números de cartão de crédito nem dados pessoais. Cancelar Enviar Obrigado pelo seu feedback! Seu feedback nos ajuda a melhorar a sua experiência. Fechar",,,,,,unknown,
Home,"Home Açougue e Peixaria Aves Outras Carnes de Aves Coxinha da Asa de Frango IQF Lar 700g Coxinha da Asa de Frango IQF Lar 700g Marca: Lar - Código: 324835424 R$ 15,79 Ver mais formas de pagamento Essa compra destrava cashback! Conheça mais sobre o produto Experimente a deliciosa Coxinha da Asa de Frango IQF da marca Lar. Ver mais R$ 15,79 Adicionar ao Carrinho Vendido e entregue por Carrefour R$ 15,79 Adicionar ao Carrinho Vendido e entregue por Carrefour Especificações Técnicas Tipo de Corte de Frango: COXINHA / Apresentação: Congelado Importante SAC do Fornecedor 0800 045 8800 Itens Inclusos Coxinha da Asa de Frango IQF Lar 700g Observações Imagem meramente ilustrativa; Todas as informações divulgadas são de responsabilidade do fabricante/fornecedor; Prazo de Validade: Vide Impresso na Embalagem. Dimensões e Peso Peso aproximado do produto sem embalagem 700g Descrição do Produto Experimente a deliciosa Coxinha da Asa de Frango IQF da marca Lar. Como você avalia a experiência nessa página? Sua opinião é muito importante para nós, compartilhe anonimamente o seu Feedback!! Gostaria de acrescentar mais detalhes? 0/500 caracteres restantes Não inclua informações confidenciais As informações confidencias são dados que precisam ser protegidos. Por exemplo, não inclua senhas, números de cartão de crédito nem dados pessoais. Cancelar Enviar Obrigado pelo seu feedback! Seu feedback nos ajuda a melhorar a sua experiência. Fechar",,15.79,,,,unknown,
Ingresar,"Ingresar Supermercado Despensa Endulzantes Azúcar Zulka Glass 500g Zulka Cargando comentarios… Azúcar Zulka Glass 500g Azúcar Zulka Glass 500g Referencia : 3546184 Información Azúcar finamente pulverizada. La preferida por los expertos debido a su textura, consistencia y sabor. Especial para alta repostería, pastelería, confitería y repostería fina. Todas sus creaciones quedarán con una textura suave, desde un betún, fondant, rellenos de crema. Con un Dulzor perfecto en cualquier postre. Su sabor dulce de la azúcar se disuelva exquisitamente en tu boca. Las imágenes del producto son únicamente de referencia, el diseños de etiquetas y el contenido (ml, L, Kg, g, piezas, etc) pueden cambiar y/o variar sin previo aviso. Mostrar más Comparte Vendido y entregado por: Chedraui Descripción Especificaciones Zulka Glass es el azúcar perfecta para cubrir y dar un toque decorativo a tus postres brindándoles una textura suave y uniforme. Es un endulzante ideal para la pastelería , repostería y confitería por su fina textura el azúcar. Productos relacionados Azúcar Zulka Balance 500g Zulka $0.00 1 pieza de 500g Combo Cantidad Máxima Equivale a ≈1 pza 3x2 Azúcar Zulka Morena 900g Zulka $0.00 1 pieza de 900g Combo Cantidad Máxima Equivale a ≈1 pza 3x2 Endulzante Monk Natural Glass 100g Monk $0.00 100g Combo Cantidad Máxima Equivale a ≈1 pza 3x2 Azúcar Zulka Mascabado 500g Zulka $0.00 1 pieza de 500g Combo Cantidad Máxima Equivale a ≈1 pza 3x2 Azúcar Capuchino Glass 400g Otras Marcas $0.00 1 pz de 400g Combo Cantidad Máxima Equivale a ≈1 pza 3x2 Aderezo Kuhne Balsámico 500ml Kuhne $0.00 1 pz de 500ml Combo Cantidad Máxima Equivale a ≈1 pza 3x2 Jarabe de Maíz Karo BB 500ml Karo $0.00 1 pieza de 500ml Combo Cantidad Máxima Equivale a ≈1 pza 3x2 Sal Chedraui Fluorurada Bolsa 500g Chedraui $0.00 500g Combo Cantidad Máxima Equivale a ≈1 pza 3x2 Sazonador Mikuska 75g Mikuska $0.00 Combo Cantidad Máxima Equivale a ≈1 pza 3x2 Aderezo Kuhne Balsámico 250ml Kuhne $0.00 250ml Combo Cantidad M",,000,,,,unknown,
Home,"Home Mercearia Açúcar e Adoçante Açúcar Açúcar Refinado União 1kg Açúcar Refinado União 1kg Marca: União Mundial - Código: 2406 R$ 4,89 Ver mais formas de pagamento Essa compra destrava cashback! Conheça mais sobre o produto O Açúcar Refinado União é tradicionalmente mais branquinho e fininho, dissolve rápido nas suas receitas! Ideal para doces, misturas e sobremesas. O açúcar é a forma mais rápida de fornecer glicose para o corpo. Esse componente é essencial para o funcionamento do cérebro, da retina e dos rins. A glicose ainda auxilia na proliferação das Bifidobactérias e dos Lactobacillus sp. Essas bactérias compõem a flora intestinal e contribuem para a eliminação de bactérias nocivas como a Escherichia coli e o Clostridium. Sem contar que o açúcar é uma importante fonte de cálcio, fósforo, ferro, cloro, potássio, sódio, magnésio e de vitaminas do complexo B. Porém, é recomendado consumir com moderação para evitar o excesso de glicose no sangue. Aproveite e compre Açúcar Refinado União aqui no Carrefour. Características do produto: Tradicionalmente mais branquinho e fininho Dissolve rápido nas receitas Ideal para doces, misturas e sobremesas Fonte de glicose, cálcio, fósforo, ferro, cloro, potássio, sódio, magnésio e vitaminas do complexo B Ver mais R$ 4,89 Adicionar ao Carrinho Vendido e entregue por Carrefour R$ 4,89 Adicionar ao Carrinho Vendido e entregue por Carrefour Especificações Técnicas Mais fininho; Rico em glicose; Vitaminas do Complexo B; Fonte de Minerais Importante SAC do Fornecedor 0800 132 027 Itens Inclusos 1 Pacote de Açúcar Refinado União 1Kg Observações Imagem meramente ilustrativa Todas as informações divulgadas são de responsabilidade do fabricante/fornecedor Prazo de Validade: Vide Impresso na Embalagem Descrição do Produto O Açúcar Refinado União é tradicionalmente mais branquinho e fininho, dissolve rápido nas suas receitas! Ideal para doces, misturas e sobremesas. O açúcar é a forma mais rápida de fornecer glicose para o corpo. Esse co",,4.89,,,,unknown,
Home,"Home Mercearia Açúcar e Adoçante Açúcar Açúcar Cristal Orgânico Native 1Kg Açúcar Cristal Orgânico Native 1Kg Marca: Native - Código: 6174 R$ 10,19 Ver mais formas de pagamento Essa compra destrava cashback! Conheça mais sobre o produto Se você está procurando um jeito de fazer bolos e sobremesas deliciosas e preservar a saúde de toda a família, não há opção melhor no mercado do que o Açúcar Cristal Orgânico 1Kg, da Native. Além de ser produzido 100 % de forma natural sem o uso de produtos químicos, ele tem como diferencial estar sempre fresco e pronto para ser servido a qualquer momento. Indicado para uso culinário. Ver mais R$ 10,19 Adicionar ao Carrinho Vendido e entregue por Carrefour R$ 10,19 Adicionar ao Carrinho Vendido e entregue por Carrefour Especificações Técnicas Conservar em local fresco e arejado; Sem glúten; Produto nacional; Açúcar cristal orgânico com 1Kg Importante Itens Inclusos 1 Pacote de Açúcar Cristal Native Orgânico Claro 1Kg Observações Imagem meramente ilustrativa Prazo de Validade: Vide Impresso na Embalagem Todas as informações divulgadas são de responsabilidade do fabricante/fornecedor Características do Produto Preferência de Consumo Orgânico Descrição do Produto Se você está procurando um jeito de fazer bolos e sobremesas deliciosas e preservar a saúde de toda a família, não há opção melhor no mercado do que o Açúcar Cristal Orgânico 1Kg, da Native. Além de ser produzido 100 % de forma natural sem o uso de produtos químicos, ele tem como diferencial estar sempre fresco e pronto para ser servido a qualquer momento. Indicado para uso culinário. Como você avalia a experiência nessa página? Sua opinião é muito importante para nós, compartilhe anonimamente o seu Feedback!! Gostaria de acrescentar mais detalhes? 0/500 caracteres restantes Não inclua informações confidenciais As informações confidencias são dados que precisam ser protegidos. Por exemplo, não inclua senhas, números de cartão de crédito nem dados pessoais. Cancelar Enviar Obrig",,10.19,,,,unknown,
Página não encontrada,"Página não encontrada Não encontramos o que você procura. Talvez o link esteja incorreto ou a página não exista mais. Você pode voltar para a página inicial ou tentar buscar novamente. Voltar à Home Como você avalia a experiência nessa página? Sua opinião é muito importante para nós, compartilhe anonimamente o seu Feedback!! Gostaria de acrescentar mais detalhes? 0/500 caracteres restantes Não inclua informações confidenciais As informações confidencias são dados que precisam ser protegidos. Por exemplo, não inclua senhas, números de cartão de crédito nem dados pessoais. Cancelar Enviar Obrigado pelo seu feedback! Seu feedback nos ajuda a melhorar a sua experiência. Fechar",,,,,,unknown,
Home,"Home Mercearia Açúcar e Adoçante Açúcar Açúcar Refinado Carrefour 1kg Açúcar Refinado Carrefour 1kg Marca: Carrefour - Código: 17755 R$ 3,99 Ver mais formas de pagamento Essa compra destrava cashback! R$ 3,99 Adicionar ao Carrinho Vendido e entregue por Carrefour R$ 3,99 Adicionar ao Carrinho Vendido e entregue por Carrefour Especificações Técnicas Branquinho e fininho; Rico em glicose; Vitaminas e minerais Importante Itens Inclusos 1 Pacote de Açúcar 1kg Como você avalia a experiência nessa página? Sua opinião é muito importante para nós, compartilhe anonimamente o seu Feedback!! Gostaria de acrescentar mais detalhes? 0/500 caracteres restantes Não inclua informações confidenciais As informações confidencias são dados que precisam ser protegidos. Por exemplo, não inclua senhas, números de cartão de crédito nem dados pessoais. Cancelar Enviar Obrigado pelo seu feedback! Seu feedback nos ajuda a melhorar a sua experiência. Fechar",,3.99,,,,unknown,
Home,"Home Mercearia Açúcar e Adoçante Açúcar Açúcar Cristal Orgânico Itajá 500g Açúcar Cristal Orgânico Itajá 500g Marca: Itajá - Código: 8389 R$ 4,99 Ver mais formas de pagamento Essa compra destrava cashback! R$ 4,99 Adicionar ao Carrinho Vendido e entregue por Carrefour R$ 4,99 Adicionar ao Carrinho Vendido e entregue por Carrefour Especificações Técnicas Importante SAC do Fornecedor (62) 3389 9034 Itens Inclusos 1 Açúcar Cristal Orgânico Itajá 500g Observações Imagem meramente ilustrativa Prazo de Validade: Vide Impresso na Embalagem Características do Produto Preferência de Consumo Orgânico Como você avalia a experiência nessa página? Sua opinião é muito importante para nós, compartilhe anonimamente o seu Feedback!! Gostaria de acrescentar mais detalhes? 0/500 caracteres restantes Não inclua informações confidenciais As informações confidencias são dados que precisam ser protegidos. Por exemplo, não inclua senhas, números de cartão de crédito nem dados pessoais. Cancelar Enviar Obrigado pelo seu feedback! Seu feedback nos ajuda a melhorar a sua experiência. Fechar",,4.99,,,,unknown,
Home,"Home Mercearia Alimentos Básicos Feijão Feijão Preto Tipo 1 Camil Todo Dia 1 Kg Feijão Preto Tipo 1 Camil Todo Dia 1 Kg Marca: Camil - Código: 2926 R$ 5,29 Ver mais formas de pagamento Essa compra destrava cashback! Conheça mais sobre o produto O Feijão Preto Camil é um feijão superior, rigorosamente selecionado. Empacotado com grãos maiores e padronizados. Proporcionam um caldo grosso, espesso e saboroso. Ideal para aquela feijoada ou para demais combinações. Rico em fibras, o feijão preto traz muitos benefícios para sua saúde. Ele tem altas concentrações de fibra solúvel, que ajuda a reduzir o colesterol no sangue. A fibra solúvel atrai a água se transformando em um gel durante a digestão. O feijão preto ainda é fonte de aminoácidos e proteínas. Muito bom, não é mesmo? Aproveite e compre aqui no Carrefour o seu Feijão Preto Camil. Ver mais R$ 5,29 Adicionar ao Carrinho Vendido e entregue por Carrefour R$ 5,29 Adicionar ao Carrinho Vendido e entregue por Carrefour Especificações Técnicas Rico em ferro; Fonte de proteínas; Aminoácidos; Não contém glúten Importante SAC do Fornecedor sac.camil@camil.com.br, 0800 133 300 Itens Inclusos 1 Pacote de Feijão Preto Tipo 1 Camil com 1 Kg Observações Imagem meramente ilustrativa Prazo de Validade: Vide Impresso na Embalagem. Descrição do Produto O Feijão Preto Camil é um feijão superior, rigorosamente selecionado. Empacotado com grãos maiores e padronizados. Proporcionam um caldo grosso, espesso e saboroso. Ideal para aquela feijoada ou para demais combinações. Rico em fibras, o feijão preto traz muitos benefícios para sua saúde. Ele tem altas concentrações de fibra solúvel, que ajuda a reduzir o colesterol no sangue. A fibra solúvel atrai a água se transformando em um gel durante a digestão. O feijão preto ainda é fonte de aminoácidos e proteínas. Muito bom, não é mesmo? Aproveite e compre aqui no Carrefour o seu Feijão Preto Camil. Como você avalia a experiência nessa página? Sua opinião é muito importante para nós, compart",,5.29,,,,unknown,
Home,"Home Mercearia Alimentos Básicos Feijão Feijão Preto Tipo 1 Kicaldo 1Kg Feijão Preto Tipo 1 Kicaldo 1Kg Marca: Kicaldo - Código: 8066 Conheça mais sobre o produto O Feijão Preto da marca Kicaldo fica ótimo na sua feijoada e nas refeições diárias da sua família, além de ser considerado um grande aliado no combate ao estresse, o Feijão Preto é rico em vitaminas e minerais que ajudam a combater o desânimo e proporcionam bem-estar para os brasileiros. Além disso, são ótimas fontes de fibras e proteínas. Kicaldo começou sua história na década de 90. Atuante no atacado e no varejo, busca oferecer produtos de qualidade e trilha um caminho de crescimento e excelência no segmento de beneficiamento e empacotamento de cereais. Aproveite a oportunidade e compre o Feijão Preto Kicaldo agora mesmo, aqui no Carrefour! Ver mais Este produto não possui estoque para entrega na sua região ou na loja escolhida para retirada. Verificar disponibilidade Vendido e entregue por Carrefour Especificações Técnicas Rico em ferro; Fonte de Vitaminas; Proteínas e Fibras; Não contém glúten Importante Itens Inclusos 1 Pacote de Feijão Preto Tipo 1 Kicaldo 1Kg Observações Imagem meramente ilustrativa Prazo de Validade: Vide Impresso na Embalagem Descrição do Produto O Feijão Preto da marca Kicaldo fica ótimo na sua feijoada e nas refeições diárias da sua família, além de ser considerado um grande aliado no combate ao estresse, o Feijão Preto é rico em vitaminas e minerais que ajudam a combater o desânimo e proporcionam bem-estar para os brasileiros. Além disso, são ótimas fontes de fibras e proteínas. Kicaldo começou sua história na década de 90. Atuante no atacado e no varejo, busca oferecer produtos de qualidade e trilha um caminho de crescimento e excelência no segmento de beneficiamento e empacotamento de cereais. Aproveite a oportunidade e compre o Feijão Preto Kicaldo agora mesmo, aqui no Carrefour! Como você avalia a experiência nessa página? Sua opinião é muito importante para nós, compartil",,,,,,unknown,
Home,"Home Mercearia Alimentos Básicos Feijão Feijão Preto Carrefour 1 Kg Feijão Preto Carrefour 1 Kg Marca: Carrefour - Código: 8923299 Conheça mais sobre o produto Feijão Preto Carrefour 1 Kg Ver mais Este produto não possui estoque para entrega na sua região ou na loja escolhida para retirada. Verificar disponibilidade Vendido e entregue por Carrefour Especificações Técnicas Importante SAC do Fornecedor Para regiões metropolitanas: 3004 2222_ Para demais regiões: 0800 718 2222 Itens Inclusos 1 pacote de Feijão Preto Tipo 1 Carrefour com 1 Kg Observações Imagem meramente ilustrativa; Todas as informações divulgadas são de responsabilidade do fabricante/fornecedor; Prazo de Validade: Vide Impresso na Embalagem. Produto Internacional Não Descrição do Produto Feijão Preto Carrefour 1 Kg Como você avalia a experiência nessa página? Sua opinião é muito importante para nós, compartilhe anonimamente o seu Feedback!! Gostaria de acrescentar mais detalhes? 0/500 caracteres restantes Não inclua informações confidenciais As informações confidencias são dados que precisam ser protegidos. Por exemplo, não inclua senhas, números de cartão de crédito nem dados pessoais. Cancelar Enviar Obrigado pelo seu feedback! Seu feedback nos ajuda a melhorar a sua experiência. Fechar",,,,,,unknown,
Home,"Home Mercearia Alimentos Básicos Feijão Feijão Solito Preto Tipo 1Kg Feijão Solito Preto Tipo 1Kg Marca: Solito - Código: 8975 R$ 4,49 Ver mais formas de pagamento Essa compra destrava cashback! Conheça mais sobre o produto Com a mesma confiabilidade conquistada no arroz, o Feijão Preto Solito chega à mesa dos consumidores com qualidade superior. O beneficiamento possui sistema de padronização de tamanho de grãos, seleção eletrônica e polimento automático que garante limpeza e brilho natural. A Solito Alimentos atua há mais de 50 anos no mercado. Tem como prioridade levar até sua mesa alimentos de alto padrão que tornem seu cotidiano mais saboroso. Ao longo dos anos a empresa foi crescendo, se desenvolvendo e hoje é considerada uma das maiores empresas de alimentos do Estado de São Paulo. Aproveite a oportunidade e compre o Feijão Preto Solito aqui no Carrefour. Ver mais R$ 4,49 Adicionar ao Carrinho Vendido e entregue por Carrefour R$ 4,49 Adicionar ao Carrinho Vendido e entregue por Carrefour Especificações Técnicas Mais sabor; Rico em Ferro; Zero sódio; Sem gorduras trans Importante Itens Inclusos 1 Pacote de Feijão com 1Kg Observações Imagem meramente ilustrativa Prazo de Validade: Vide Impresso na Embalagem Descrição do Produto Com a mesma confiabilidade conquistada no arroz, o Feijão Preto Solito chega à mesa dos consumidores com qualidade superior. O beneficiamento possui sistema de padronização de tamanho de grãos, seleção eletrônica e polimento automático que garante limpeza e brilho natural. A Solito Alimentos atua há mais de 50 anos no mercado. Tem como prioridade levar até sua mesa alimentos de alto padrão que tornem seu cotidiano mais saboroso. Ao longo dos anos a empresa foi crescendo, se desenvolvendo e hoje é considerada uma das maiores empresas de alimentos do Estado de São Paulo. Aproveite a oportunidade e compre o Feijão Preto Solito aqui no Carrefour. Como você avalia a experiência nessa página? Sua opinião é muito importante para nós, compartilh",,4.49,,,,unknown,
Home,"Home Mercearia Alimentos Básicos Feijão Feijão Preto Tipo 1 Fantástico 1 kg Feijão Preto Tipo 1 Fantástico 1 kg Marca: Fantástico - Código: 6206006 Conheça mais sobre o produto Feijão Preto Tipo 1 Fantástico 1 kg Ver mais Este produto não possui estoque para entrega na sua região ou na loja escolhida para retirada. Verificar disponibilidade Vendido e entregue por Carrefour Descrição do Produto Feijão Preto Tipo 1 Fantástico 1 kg Aproveite e compre também Patrocinado LEVE 4 PAGUE 3 Biscoito Salgado Club Social original multipack 144g R$ 6,89 -15% R$ 5,89 Adicionar Patrocinado Chiclete Trident XSenses Intense Sem Açúcar 8g - Embalagem com 5 unid. R$ 2,89 Adicionar Patrocinado Chocolate Sonho de Valsa Pacote 1Kg R$ 80,99 Adicionar Patrocinado LEVE 4 PAGUE 3 Biscoito Salgado Club Social Recheado Queijo, Tomate e Manjericão multipack 106g R$ 6,59 Adicionar Patrocinado Chiclete Trident Morango Sem Açúcar 8g - Embalagem com 5 unid. R$ 4,19 Adicionar Patrocinado Caixa Sonho de Valsa e Ouro Branco Sortidos 220g R$ 17,99 -28% R$ 12,99 Adicionar Patrocinado Chiclete Trident Tutti-Frutti 25,2g Embalagem Econômica 14 Unidades R$ 5,89 Adicionar Patrocinado Chiclete Trident Melancia Sem Açúcar 8g - Embalagem com 5 unid. R$ 4,19 Adicionar Como você avalia a experiência nessa página? Sua opinião é muito importante para nós, compartilhe anonimamente o seu Feedback!! Gostaria de acrescentar mais detalhes? 0/500 caracteres restantes Não inclua informações confidenciais As informações confidencias são dados que precisam ser protegidos. Por exemplo, não inclua senhas, números de cartão de crédito nem dados pessoais. Cancelar Enviar Obrigado pelo seu feedback! Seu feedback nos ajuda a melhorar a sua experiência. Fechar",,6.89,,,,unknown,
Ingresar,"Ingresar Supermercado Despensa Cafe y te Café Nescafé Clásico 300g Nescafé Cargando comentarios… Café Nescafé Clásico 300g Café Nescafé Clásico 300g Referencia : 3822396 Información Café Nescafé Clásico Mostrar más Comparte Vendido y entregado por: Chedraui Descripción Especificaciones Nescafé Clásico en sus distintas variedades es el café soluble que ha invitado a varias generaciones de mexicanos a disfrutar a pleno de cada día y vivir la rutina al máximo desde el momento mismo del desayuno Esta variedad se elabora con granos de café robusta y arábica cuidadosamente seleccionados que, gracias a un proceso especial de secado, dan por resultado un café 100% soluble y de origen natural, con un aroma y sabor incomparables. Productos relacionados Café Nescafé Black Intenso 300g Nescafé $0.00 Combo Cantidad Máxima Equivale a ≈1 pza 3x2 Café Nescafé Decafeinado 200g Nescafé Decaf $0.00 1 pz de 200g Combo Cantidad Máxima Equivale a ≈1 pza 3x2 Café Nescafé Clásico 42g Nescafé $0.00 1 pz de 42g Combo Cantidad Máxima Equivale a ≈1 pza 3x2 Café Nescafé Clásico 200g + Frasco 42g Nescafé Clásico $0.00 1 pz de 200g + 1 pz de 42g Combo Cantidad Máxima Equivale a ≈1 pza 3x2 Café Soluble Nescafé Clásico 200g Nescafé $0.00 1 pieza de 200g Combo Cantidad Máxima Equivale a ≈1 pza 3x2 Café Nescafé Café de Olla 170g +46g Nescafé $0.00 Combo Cantidad Máxima Equivale a ≈1 pza 3x2 Café Nescafé Dolca Soluble 400g Nescafé $0.00 1 pieza de 400g Combo Cantidad Máxima Equivale a ≈1 pza 3x2 Café Soluble Nescafé Clásico 120g Nescafé $0.00 1 pieza de 120g Combo Cantidad Máxima Equivale a ≈1 pza 3x2 Café Soluble Nescafé Clásico 60g Nescafé $0.00 1 pieza de 60g Combo Cantidad Máxima Equivale a ≈1 pza 3x2 Café Soluble Nescafé Clásico 170g Nescafé $0.00 170g Combo Cantidad Máxima Equivale a ≈1 pza 3x2 Café Soluble Descafeinado Nescafé Decaf 170g Nescafé $0.00 1 pieza de 170g Combo Cantidad Máxima Equivale a ≈1 pza 3x2 Café Soluble Nescafé Clásico Bolsa 28g Nescafé $0.00 0.033 kg Combo Cantidad Máxima E",,000,,,,unknown,
Especiais,"Especiais Meu Desconto Minha Lista Blog do Pão Perfumaria Orgânicos e Saudáveis Vinhos e Espumantes Cartões Pão de Açúcar Notícias do Pão Qualitá Flores e Presenteáveis Categorias Alimentos Bebidas Limpeza Descartáveis Bebê e Criança Perfumaria PetShop Bazar Caras do Brasil Categorias Categorias Categorias Para aumentar ou reduzir a fonte, utilize os atalhos nativos do seu navegador: No windows CTRL + (para aumentar) e CTRL - (para diminuir) No macOS CMD + (para aumentar) e CMD - (para diminuir) Nossas Lojas Como Comprar Seguros Pão de Açúcar Cartões Pão de Açúcar Pão de Açúcar Mais 0 Digite o que você quer encontrar BUSCAR Entrar 0 Ver todas categorias Ofertas 🤑 Vinhos 🍷 Cerveja 🍻 Saudáveis 🥦 Meu Desconto 📲 Meus Favoritos 💚 Minha Lista Home Alimentos Básico da Despensa Grãos e Cereais Arroz Arroz Agulhinha Tipo 1 TIO JOÃO Pacote 1kg Cód.: 0154093 R$ 7,69 Preço por 1kg - R$ 7,69 Comprar Faça sua primeira compra online com cupom NOVO30 Para compras acima de R$199,00 Copiar Cupom Calcular o frete e prazo: OK Arroz Agulhinha Tipo 1 TIO JOÃO Pacote 1kg R$ 7,69 Comprar Veja também R$ 30,49 Arroz Carnaroli Tipo 1 Riso Inverni Caixa 500g R$ 11,49 Risoto com Curry Cozinha Fácil TIO JOÃO Pacote 250g R$ 25,99 -24% R$ 34,49 Arroz EMPÓRIO SÃO JOÃO Tipo 1 5 Kg R$ 31,49 Arroz Branco Tipo 1 Broto Legal Pacote 5kg R$ 7,39 Arroz Tipo 1 EMPÓRIO SÃO JOÃO Pacote 1kg R$ 15,29 Arroz Arbóreo Tipo 1 Qualitá Caixa 1kg R$ 29,99 Tio João 7 Cereais + Soja - 1kg R$ 11,99 Arroz Cateto Tipo 1 Integral Camil Pacote 1kg R$ 30,87 -35% R$ 47,49 Arroz Selvagem Camil Gourmet Caixa 250g R$ 17,99 Arroz Arbório Tipo 1 Pilecco Nobre Caixa 1kg 2 Unidades R$ 13,29 Tio João Var Mund Arroz Arbório 500g R$ 12,99 Arroz Camil Tipo 1 Pacote 2kg R$ 35,49 Arroz Carnaroli Tipo 1 La Pastina Caixa 1kg R$ 30,49 Tio João 7 Cereais Integrais Institucional - 1kg R$ 32,49 Arroz Parboilizado Tipo 1 CAMIL Pacote 5kg R$ 30,49 Arroz Carnaroli Tipo 1 Riso Inverni Caixa 500g R$ 11,49 Risoto com Curry Cozinha Fácil TIO JOÃO Pacote",,7.69,,,,unknown,
Especiais,"Especiais Meu Desconto Minha Lista Blog do Pão Perfumaria Orgânicos e Saudáveis Vinhos e Espumantes Cartões Pão de Açúcar Notícias do Pão Qualitá Flores e Presenteáveis Categorias Alimentos Bebidas Limpeza Descartáveis Bebê e Criança Perfumaria PetShop Bazar Caras do Brasil Categorias Categorias Categorias Para aumentar ou reduzir a fonte, utilize os atalhos nativos do seu navegador: No windows CTRL + (para aumentar) e CTRL - (para diminuir) No macOS CMD + (para aumentar) e CMD - (para diminuir) Nossas Lojas Como Comprar Seguros Pão de Açúcar Cartões Pão de Açúcar Pão de Açúcar Mais 0 Digite o que você quer encontrar BUSCAR Entrar 0 Ver todas categorias Ofertas 🤑 Vinhos 🍷 Cerveja 🍻 Saudáveis 🥦 Meu Desconto 📲 Meus Favoritos 💚 Minha Lista Home Alimentos Básico da Despensa Grãos e Cereais Arroz Arroz Agulhinha Tipo 1 CAMIL Pacote 1kg Cód.: 0300438 R$ 6,59 Preço por 1kg - R$ 6,59 Comprar Faça sua primeira compra online com cupom NOVO30 Para compras acima de R$199,00 Copiar Cupom Calcular o frete e prazo: OK Arroz Agulhinha Tipo 1 CAMIL Pacote 1kg R$ 6,59 Comprar Veja também R$ 30,49 Arroz Carnaroli Tipo 1 Riso Inverni Caixa 500g R$ 11,49 Risoto com Curry Cozinha Fácil TIO JOÃO Pacote 250g R$ 25,99 -24% R$ 34,49 Arroz EMPÓRIO SÃO JOÃO Tipo 1 5 Kg R$ 31,49 Arroz Branco Tipo 1 Broto Legal Pacote 5kg R$ 7,39 Arroz Tipo 1 EMPÓRIO SÃO JOÃO Pacote 1kg R$ 15,29 Arroz Arbóreo Tipo 1 Qualitá Caixa 1kg R$ 29,99 Tio João 7 Cereais + Soja - 1kg R$ 11,99 Arroz Cateto Tipo 1 Integral Camil Pacote 1kg R$ 30,87 -35% R$ 47,49 Arroz Selvagem Camil Gourmet Caixa 250g R$ 17,99 Arroz Arbório Tipo 1 Pilecco Nobre Caixa 1kg 2 Unidades R$ 13,29 Tio João Var Mund Arroz Arbório 500g R$ 12,99 Arroz Camil Tipo 1 Pacote 2kg R$ 35,49 Arroz Carnaroli Tipo 1 La Pastina Caixa 1kg R$ 30,49 Tio João 7 Cereais Integrais Institucional - 1kg R$ 32,49 Arroz Parboilizado Tipo 1 CAMIL Pacote 5kg R$ 30,49 Arroz Carnaroli Tipo 1 Riso Inverni Caixa 500g R$ 11,49 Risoto com Curry Cozinha Fácil TIO JOÃO Pacote 250g ",,6.59,,,,unknown,
Especiais,"Especiais Meu Desconto Minha Lista Blog do Pão Perfumaria Orgânicos e Saudáveis Vinhos e Espumantes Cartões Pão de Açúcar Notícias do Pão Qualitá Flores e Presenteáveis Categorias Alimentos Bebidas Limpeza Descartáveis Bebê e Criança Perfumaria PetShop Bazar Caras do Brasil Categorias Categorias Categorias Para aumentar ou reduzir a fonte, utilize os atalhos nativos do seu navegador: No windows CTRL + (para aumentar) e CTRL - (para diminuir) No macOS CMD + (para aumentar) e CMD - (para diminuir) Nossas Lojas Como Comprar Seguros Pão de Açúcar Cartões Pão de Açúcar Pão de Açúcar Mais 0 Digite o que você quer encontrar BUSCAR Entrar 0 Ver todas categorias Ofertas 🤑 Vinhos 🍷 Cerveja 🍻 Saudáveis 🥦 Meu Desconto 📲 Meus Favoritos 💚 Minha Lista Home Alimentos Básico da Despensa Grãos e Cereais Arroz Arroz Branco Tipo 1 Solito Pacote 5kg Cód.: 0151511 R$ 20,99 Preço por 1kg - R$ 4,19 Comprar Faça sua primeira compra online com cupom NOVO30 Para compras acima de R$199,00 Copiar Cupom Calcular o frete e prazo: OK Arroz Branco Tipo 1 Solito Pacote 5kg R$ 20,99 Comprar Veja também R$ 30,49 Arroz Carnaroli Tipo 1 Riso Inverni Caixa 500g R$ 11,49 Risoto com Curry Cozinha Fácil TIO JOÃO Pacote 250g R$ 25,99 -24% R$ 34,49 Arroz EMPÓRIO SÃO JOÃO Tipo 1 5 Kg R$ 31,49 Arroz Branco Tipo 1 Broto Legal Pacote 5kg R$ 7,39 Arroz Tipo 1 EMPÓRIO SÃO JOÃO Pacote 1kg R$ 15,29 Arroz Arbóreo Tipo 1 Qualitá Caixa 1kg R$ 29,99 Tio João 7 Cereais + Soja - 1kg R$ 11,99 Arroz Cateto Tipo 1 Integral Camil Pacote 1kg R$ 30,87 -35% R$ 47,49 Arroz Selvagem Camil Gourmet Caixa 250g R$ 17,99 Arroz Arbório Tipo 1 Pilecco Nobre Caixa 1kg 2 Unidades R$ 13,29 Tio João Var Mund Arroz Arbório 500g R$ 12,99 Arroz Camil Tipo 1 Pacote 2kg R$ 35,49 Arroz Carnaroli Tipo 1 La Pastina Caixa 1kg R$ 30,49 Tio João 7 Cereais Integrais Institucional - 1kg R$ 32,49 Arroz Parboilizado Tipo 1 CAMIL Pacote 5kg R$ 30,49 Arroz Carnaroli Tipo 1 Riso Inverni Caixa 500g R$ 11,49 Risoto com Curry Cozinha Fácil TIO JOÃO Pacote 250g R$",,20.99,,,,unknown,
Especiais,"Especiais Meu Desconto Minha Lista Blog do Pão Perfumaria Orgânicos e Saudáveis Vinhos e Espumantes Cartões Pão de Açúcar Notícias do Pão Qualitá Flores e Presenteáveis Categorias Alimentos Bebidas Limpeza Descartáveis Bebê e Criança Perfumaria PetShop Bazar Caras do Brasil Categorias Categorias Categorias Para aumentar ou reduzir a fonte, utilize os atalhos nativos do seu navegador: No windows CTRL + (para aumentar) e CTRL - (para diminuir) No macOS CMD + (para aumentar) e CMD - (para diminuir) Nossas Lojas Como Comprar Seguros Pão de Açúcar Cartões Pão de Açúcar Pão de Açúcar Mais 0 Digite o que você quer encontrar BUSCAR Entrar 0 Ver todas categorias Ofertas 🤑 Vinhos 🍷 Cerveja 🍻 Saudáveis 🥦 Meu Desconto 📲 Meus Favoritos 💚 Minha Lista Home Alimentos Básico da Despensa Grãos e Cereais Arroz Arroz Culinária Oriental Tipo 1 MOMIJI Pacote 1kg Cód.: 4529187 R$ 18,99 Preço por 1kg - R$ 18,99 Comprar Faça sua primeira compra online com cupom NOVO30 Para compras acima de R$199,00 Copiar Cupom Calcular o frete e prazo: OK Arroz Culinária Oriental Tipo 1 MOMIJI Pacote 1kg R$ 18,99 Comprar Veja também R$ 30,49 Arroz Carnaroli Tipo 1 Riso Inverni Caixa 500g R$ 11,49 Risoto com Curry Cozinha Fácil TIO JOÃO Pacote 250g R$ 25,99 -24% R$ 34,49 Arroz EMPÓRIO SÃO JOÃO Tipo 1 5 Kg R$ 31,49 Arroz Branco Tipo 1 Broto Legal Pacote 5kg R$ 7,39 Arroz Tipo 1 EMPÓRIO SÃO JOÃO Pacote 1kg R$ 15,29 Arroz Arbóreo Tipo 1 Qualitá Caixa 1kg R$ 29,99 Tio João 7 Cereais + Soja - 1kg R$ 11,99 Arroz Cateto Tipo 1 Integral Camil Pacote 1kg R$ 30,87 -35% R$ 47,49 Arroz Selvagem Camil Gourmet Caixa 250g R$ 17,99 Arroz Arbório Tipo 1 Pilecco Nobre Caixa 1kg 2 Unidades R$ 13,29 Tio João Var Mund Arroz Arbório 500g R$ 12,99 Arroz Camil Tipo 1 Pacote 2kg R$ 35,49 Arroz Carnaroli Tipo 1 La Pastina Caixa 1kg R$ 30,49 Tio João 7 Cereais Integrais Institucional - 1kg R$ 32,49 Arroz Parboilizado Tipo 1 CAMIL Pacote 5kg R$ 30,49 Arroz Carnaroli Tipo 1 Riso Inverni Caixa 500g R$ 11,49 Risoto com Curry Cozinha Fáci",,18.99,,,,unknown,
Especiais,"Especiais Meu Desconto Minha Lista Blog do Pão Perfumaria Orgânicos e Saudáveis Vinhos e Espumantes Cartões Pão de Açúcar Notícias do Pão Qualitá Flores e Presenteáveis Categorias Alimentos Bebidas Limpeza Descartáveis Bebê e Criança Perfumaria PetShop Bazar Caras do Brasil Categorias Categorias Categorias Para aumentar ou reduzir a fonte, utilize os atalhos nativos do seu navegador: No windows CTRL + (para aumentar) e CTRL - (para diminuir) No macOS CMD + (para aumentar) e CMD - (para diminuir) Nossas Lojas Como Comprar Seguros Pão de Açúcar Cartões Pão de Açúcar Pão de Açúcar Mais 0 Digite o que você quer encontrar BUSCAR Entrar 0 Ver todas categorias Ofertas 🤑 Vinhos 🍷 Cerveja 🍻 Saudáveis 🥦 Meu Desconto 📲 Meus Favoritos 💚 Minha Lista 0 Home Alimentos Básico da Despensa Grãos e Cereais Arroz Arroz Branco Tipo 1 Qualitá Pacote 5kg Cód.: 6009199 Ops :( No momento não temos esse produto em estoque Indisponível Arroz Branco Tipo 1 Qualitá Pacote 5kg Indisponível Veja também R$ 30,49 Arroz Carnaroli Tipo 1 Riso Inverni Caixa 500g R$ 11,49 Risoto com Curry Cozinha Fácil TIO JOÃO Pacote 250g R$ 25,99 -24% R$ 34,49 Arroz EMPÓRIO SÃO JOÃO Tipo 1 5 Kg R$ 31,49 Arroz Branco Tipo 1 Broto Legal Pacote 5kg R$ 7,39 Arroz Tipo 1 EMPÓRIO SÃO JOÃO Pacote 1kg R$ 15,29 Arroz Arbóreo Tipo 1 Qualitá Caixa 1kg R$ 29,99 Tio João 7 Cereais + Soja - 1kg R$ 11,99 Arroz Cateto Tipo 1 Integral Camil Pacote 1kg R$ 30,87 -35% R$ 47,49 Arroz Selvagem Camil Gourmet Caixa 250g R$ 17,99 Arroz Arbório Tipo 1 Pilecco Nobre Caixa 1kg 2 Unidades R$ 13,29 Tio João Var Mund Arroz Arbório 500g R$ 12,99 Arroz Camil Tipo 1 Pacote 2kg R$ 35,49 Arroz Carnaroli Tipo 1 La Pastina Caixa 1kg R$ 30,49 Tio João 7 Cereais Integrais Institucional - 1kg R$ 32,49 Arroz Parboilizado Tipo 1 CAMIL Pacote 5kg R$ 30,49 Arroz Carnaroli Tipo 1 Riso Inverni Caixa 500g R$ 11,49 Risoto com Curry Cozinha Fácil TIO JOÃO Pacote 250g R$ 25,99 -24% R$ 34,49 Arroz EMPÓRIO SÃO JOÃO Tipo 1 5 Kg R$ 31,49 Arroz Branco Tipo 1 Broto Legal P",,30.49,,,,unknown,
Especiais,"Especiais Meu Desconto Minha Lista Blog do Pão Perfumaria Orgânicos e Saudáveis Vinhos e Espumantes Cartões Pão de Açúcar Notícias do Pão Qualitá Flores e Presenteáveis Categorias Alimentos Bebidas Limpeza Descartáveis Bebê e Criança Perfumaria PetShop Bazar Caras do Brasil Categorias Categorias Categorias Para aumentar ou reduzir a fonte, utilize os atalhos nativos do seu navegador: No windows CTRL + (para aumentar) e CTRL - (para diminuir) No macOS CMD + (para aumentar) e CMD - (para diminuir) Nossas Lojas Como Comprar Seguros Pão de Açúcar Cartões Pão de Açúcar Pão de Açúcar Mais 0 Digite o que você quer encontrar BUSCAR Entrar 0 Ver todas categorias Ofertas 🤑 Vinhos 🍷 Cerveja 🍻 Saudáveis 🥦 Meu Desconto 📲 Meus Favoritos 💚 Minha Lista Home Alimentos Básico da Despensa Cafés Café Torrado e Moído Café Torrado e Moído a Vácuo Tradicional Caboclo Pacote 500g Cód.: 1914801 R$ 34,99 Preço por 1kg - R$ 69,98 Comprar Faça sua primeira compra online com cupom NOVO30 Para compras acima de R$199,00 Copiar Cupom Calcular o frete e prazo: OK Café Torrado e Moído a Vácuo Tradicional Caboclo Pacote 500g R$ 34,99 Comprar Veja também R$ 39,99 -30% na 2ª unidade R$ 33,99 / unidade Café Torrado e Moído Exótico 3 Corações Rituais 85+ Pouch 250g R$ 42,99 Café Torrado e Moído Arara Orfeu Varietais Caixa 250g R$ 35,99 Café Torrado e Moído a Vácuo Tradicional Café Brasileiro Pacote 500g R$ 29,24 -10% R$ 32,49 Café União Torrado e Moído Gourmet Mogiana Paulista 250g R$ 26,99 -25% R$ 35,99 Café Torrado e Moído Lor Ultimo Gourmet Pouch 250g R$ 39,99 Café Orgânico Moído - 250g R$ 29,49 Café Pó Moído 125g Descafeinado R$ 30,99 Café Torrado e Moído Prima Qualità Gourmet Pacote 250g R$ 35,99 Café Constantino moído 250g R$ 58,90 Café Torrado e Moído Santa Monica Gourmet Torra Italiana Pacote 500g R$ 37,99 Café Torrado e Moído a Vácuo Tradicional União Pacote 500g R$ 2,99 Café em Sachê Torrado e Moído Drip Coffee Chocolate 3 Corações Rituais 85+ Envelope 12g R$ 29,24 -10% R$ 32,49 Café União Gour",,34.99,,,,unknown,
Especiais,"Especiais Meu Desconto Minha Lista Blog do Pão Perfumaria Orgânicos e Saudáveis Vinhos e Espumantes Cartões Pão de Açúcar Notícias do Pão Qualitá Flores e Presenteáveis Categorias Alimentos Bebidas Limpeza Descartáveis Bebê e Criança Perfumaria PetShop Bazar Caras do Brasil Categorias Categorias Categorias Para aumentar ou reduzir a fonte, utilize os atalhos nativos do seu navegador: No windows CTRL + (para aumentar) e CTRL - (para diminuir) No macOS CMD + (para aumentar) e CMD - (para diminuir) Nossas Lojas Como Comprar Seguros Pão de Açúcar Cartões Pão de Açúcar Pão de Açúcar Mais 0 Digite o que você quer encontrar BUSCAR Entrar 0 Ver todas categorias Ofertas 🤑 Vinhos 🍷 Cerveja 🍻 Saudáveis 🥦 Meu Desconto 📲 Meus Favoritos 💚 Minha Lista Home Alimentos Básico da Despensa Cafés Café Torrado e Moído Café Torrado e Moído Tradicional Melitta Caixa 500g Cód.: 0561495 R$ 41,49 Preço por 1kg - R$ 82,98 Comprar Faça sua primeira compra online com cupom NOVO30 Para compras acima de R$199,00 Copiar Cupom Calcular o frete e prazo: OK Café Torrado e Moído Tradicional Melitta Caixa 500g R$ 41,49 Comprar Veja também R$ 39,99 -30% na 2ª unidade R$ 33,99 / unidade Café Torrado e Moído Exótico 3 Corações Rituais 85+ Pouch 250g R$ 42,99 Café Torrado e Moído Arara Orfeu Varietais Caixa 250g R$ 35,99 Café Torrado e Moído a Vácuo Tradicional Café Brasileiro Pacote 500g R$ 29,24 -10% R$ 32,49 Café União Torrado e Moído Gourmet Mogiana Paulista 250g R$ 26,99 -25% R$ 35,99 Café Torrado e Moído Lor Ultimo Gourmet Pouch 250g R$ 39,99 Café Orgânico Moído - 250g R$ 29,49 Café Pó Moído 125g Descafeinado R$ 30,99 Café Torrado e Moído Prima Qualità Gourmet Pacote 250g R$ 35,99 Café Constantino moído 250g R$ 58,90 Café Torrado e Moído Santa Monica Gourmet Torra Italiana Pacote 500g R$ 37,99 Café Torrado e Moído a Vácuo Tradicional União Pacote 500g R$ 2,99 Café em Sachê Torrado e Moído Drip Coffee Chocolate 3 Corações Rituais 85+ Envelope 12g R$ 29,24 -10% R$ 32,49 Café União Gourmet Sul De Minas 2",,41.49,,,,unknown,
Especiais,"Especiais Meu Desconto Minha Lista Blog do Pão Perfumaria Orgânicos e Saudáveis Vinhos e Espumantes Cartões Pão de Açúcar Notícias do Pão Qualitá Flores e Presenteáveis Categorias Alimentos Bebidas Limpeza Descartáveis Bebê e Criança Perfumaria PetShop Bazar Caras do Brasil Categorias Categorias Categorias Para aumentar ou reduzir a fonte, utilize os atalhos nativos do seu navegador: No windows CTRL + (para aumentar) e CTRL - (para diminuir) No macOS CMD + (para aumentar) e CMD - (para diminuir) Nossas Lojas Como Comprar Seguros Pão de Açúcar Cartões Pão de Açúcar Pão de Açúcar Mais 0 Digite o que você quer encontrar BUSCAR Entrar 0 Ver todas categorias Ofertas 🤑 Vinhos 🍷 Cerveja 🍻 Saudáveis 🥦 Meu Desconto 📲 Meus Favoritos 💚 Minha Lista Home Alimentos Básico da Despensa Cafés Café Torrado e Moído Café Torrado e Moído a Vácuo Tradicional Café do Ponto Pacote 500g Cód.: 0573382 R$ 46,49 Preço por 1kg - R$ 92,98 Comprar Faça sua primeira compra online com cupom NOVO30 Para compras acima de R$199,00 Copiar Cupom Calcular o frete e prazo: OK Café Torrado e Moído a Vácuo Tradicional Café do Ponto Pacote 500g R$ 46,49 Comprar Veja também R$ 39,99 -30% na 2ª unidade R$ 33,99 / unidade Café Torrado e Moído Exótico 3 Corações Rituais 85+ Pouch 250g R$ 42,99 Café Torrado e Moído Arara Orfeu Varietais Caixa 250g R$ 35,99 Café Torrado e Moído a Vácuo Tradicional Café Brasileiro Pacote 500g R$ 29,24 -10% R$ 32,49 Café União Torrado e Moído Gourmet Mogiana Paulista 250g R$ 26,99 -25% R$ 35,99 Café Torrado e Moído Lor Ultimo Gourmet Pouch 250g R$ 39,99 Café Orgânico Moído - 250g R$ 29,49 Café Pó Moído 125g Descafeinado R$ 30,99 Café Torrado e Moído Prima Qualità Gourmet Pacote 250g R$ 35,99 Café Constantino moído 250g R$ 58,90 Café Torrado e Moído Santa Monica Gourmet Torra Italiana Pacote 500g R$ 37,99 Café Torrado e Moído a Vácuo Tradicional União Pacote 500g R$ 2,99 Café em Sachê Torrado e Moído Drip Coffee Chocolate 3 Corações Rituais 85+ Envelope 12g R$ 29,24 -10% R$ 32,49 Caf",,46.49,,,,unknown,
Especiais,"Especiais Meu Desconto Minha Lista Blog do Pão Perfumaria Orgânicos e Saudáveis Vinhos e Espumantes Cartões Pão de Açúcar Notícias do Pão Qualitá Flores e Presenteáveis Categorias Alimentos Bebidas Limpeza Descartáveis Bebê e Criança Perfumaria PetShop Bazar Caras do Brasil Categorias Categorias Categorias Para aumentar ou reduzir a fonte, utilize os atalhos nativos do seu navegador: No windows CTRL + (para aumentar) e CTRL - (para diminuir) No macOS CMD + (para aumentar) e CMD - (para diminuir) Nossas Lojas Como Comprar Seguros Pão de Açúcar Cartões Pão de Açúcar Pão de Açúcar Mais 0 Digite o que você quer encontrar BUSCAR Entrar 0 Ver todas categorias Ofertas 🤑 Vinhos 🍷 Cerveja 🍻 Saudáveis 🥦 Meu Desconto 📲 Meus Favoritos 💚 Minha Lista Home Alimentos Básico da Despensa Cafés Café Torrado e Moído Café Torrado e Moído a Vácuo Tradicional Pilão Pacote 500g Cód.: 1914795 R$ 38,99 Preço por 1kg - R$ 77,98 Comprar Faça sua primeira compra online com cupom NOVO30 Para compras acima de R$199,00 Copiar Cupom Calcular o frete e prazo: OK Café Torrado e Moído a Vácuo Tradicional Pilão Pacote 500g R$ 38,99 Comprar Veja também R$ 39,99 -30% na 2ª unidade R$ 33,99 / unidade Café Torrado e Moído Exótico 3 Corações Rituais 85+ Pouch 250g R$ 42,99 Café Torrado e Moído Arara Orfeu Varietais Caixa 250g R$ 35,99 Café Torrado e Moído a Vácuo Tradicional Café Brasileiro Pacote 500g R$ 29,24 -10% R$ 32,49 Café União Torrado e Moído Gourmet Mogiana Paulista 250g R$ 26,99 -25% R$ 35,99 Café Torrado e Moído Lor Ultimo Gourmet Pouch 250g R$ 39,99 Café Orgânico Moído - 250g R$ 29,49 Café Pó Moído 125g Descafeinado R$ 30,99 Café Torrado e Moído Prima Qualità Gourmet Pacote 250g R$ 35,99 Café Constantino moído 250g R$ 58,90 Café Torrado e Moído Santa Monica Gourmet Torra Italiana Pacote 500g R$ 37,99 Café Torrado e Moído a Vácuo Tradicional União Pacote 500g R$ 2,99 Café em Sachê Torrado e Moído Drip Coffee Chocolate 3 Corações Rituais 85+ Envelope 12g R$ 29,24 -10% R$ 32,49 Café União Gourmet ",,38.99,,,,unknown,
Especiais,"Especiais Meu Desconto Minha Lista Blog do Pão Perfumaria Orgânicos e Saudáveis Vinhos e Espumantes Cartões Pão de Açúcar Notícias do Pão Qualitá Flores e Presenteáveis Categorias Alimentos Bebidas Limpeza Descartáveis Bebê e Criança Perfumaria PetShop Bazar Caras do Brasil Categorias Categorias Categorias Para aumentar ou reduzir a fonte, utilize os atalhos nativos do seu navegador: No windows CTRL + (para aumentar) e CTRL - (para diminuir) No macOS CMD + (para aumentar) e CMD - (para diminuir) Nossas Lojas Como Comprar Seguros Pão de Açúcar Cartões Pão de Açúcar Pão de Açúcar Mais 0 Digite o que você quer encontrar BUSCAR Entrar 0 Ver todas categorias Ofertas 🤑 Vinhos 🍷 Cerveja 🍻 Saudáveis 🥦 Meu Desconto 📲 Meus Favoritos 💚 Minha Lista Home Alimentos Básico da Despensa Cafés Café Torrado e Moído Café Torrado e Moído Delicado Lor Torras Gourmet Sachê 250g Cód.: 1275439 R$ 26,99 R$ 35,99 -25% Comprar Faça sua primeira compra online com cupom NOVO30 Para compras acima de R$199,00 Copiar Cupom Calcular o frete e prazo: OK Café Torrado e Moído Delicado Lor Torras Gourmet Sachê 250g R$ 35,99 Comprar Veja também R$ 39,99 -30% na 2ª unidade R$ 33,99 / unidade Café Torrado e Moído Exótico 3 Corações Rituais 85+ Pouch 250g R$ 42,99 Café Torrado e Moído Arara Orfeu Varietais Caixa 250g R$ 35,99 Café Torrado e Moído a Vácuo Tradicional Café Brasileiro Pacote 500g R$ 29,24 -10% R$ 32,49 Café União Torrado e Moído Gourmet Mogiana Paulista 250g R$ 26,99 -25% R$ 35,99 Café Torrado e Moído Lor Ultimo Gourmet Pouch 250g R$ 39,99 Café Orgânico Moído - 250g R$ 29,49 Café Pó Moído 125g Descafeinado R$ 30,99 Café Torrado e Moído Prima Qualità Gourmet Pacote 250g R$ 35,99 Café Constantino moído 250g R$ 58,90 Café Torrado e Moído Santa Monica Gourmet Torra Italiana Pacote 500g R$ 37,99 Café Torrado e Moído a Vácuo Tradicional União Pacote 500g R$ 2,99 Café em Sachê Torrado e Moído Drip Coffee Chocolate 3 Corações Rituais 85+ Envelope 12g R$ 29,24 -10% R$ 32,49 Café União Gourmet Sul De Mi",,26.99,,,,unknown,
"Este sitio web utiliza cookies propias para optimizar la experiencia de nuestros clientes, analizar estadísticas de navegación del sitio y de terceros para brindar contenidos personalizados de acuerdo","Este sitio web utiliza cookies propias para optimizar la experiencia de nuestros clientes, analizar estadísticas de navegación del sitio y de terceros para brindar contenidos personalizados de acuerdo con sus preferencias. Al dar click en [Aceptar], autoriza el uso de cookies durante su navegación. Para más información, consulte nuestra Política de Cookies en el Aviso de Privacidad . Aceptar Supermercado Despensa Cafe y te Café Legal Soluble Regular 180 g Legal Café Legal Soluble Regular 180 g Café Legal Soluble Regular 180 g Referencia : 3278434 Información Café Legal Soluble Regular 180 g Las imágenes del producto son únicamente de referencia, el diseño de etiquetas y el contenido (ml, L, Kg, g, piezas, etc) pueden cambiar y/o variar sin previo aviso. Mostrar más Características Importantes Soluble Kosher De grano, origen puro y natural Comparte Vendido y entregado por: Chedraui $88.00 $95.00 Agregar Descripción Especificaciones Prepara tu despensa en unos cuantos clics y descubre nuestra gran variedad de productos. ¡No salgas de casa, nosotros te llevamos el súper! Productos relacionados Café Legal Soluble de Olla 180 g Legal $0.00 1 pieza de 180g Combo Cantidad Máxima Equivale a ≈1 pza 3x2 Café Legal Soluble 175g Legal $0.00 175 g Combo Cantidad Máxima Equivale a ≈1 pza 3x2 Café Legal Soluble de Olla 100 g Legal $0.00 100 g Combo Cantidad Máxima Equivale a ≈1 pza 3x2 Café Soluble Legal Mezclado 400g Legal $0.00 Combo Cantidad Máxima Equivale a ≈1 pza 3x2 Café Legal Soluble 100g Legal $0.00 100 g Combo Cantidad Máxima Equivale a ≈1 pza 3x2 Café Soluble Nescafé Clásico 120g Nescafé $0.00 1 pieza de 120g Combo Cantidad Máxima Equivale a ≈1 pza 3x2 Café Soluble Nescafé Clásico 60g Nescafé $0.00 1 pieza de 60g Combo Cantidad Máxima Equivale a ≈1 pza 3x2 Café Soluble Nescafé Clásico 200g Nescafé $0.00 1 pieza de 200g Combo Cantidad Máxima Equivale a ≈1 pza 3x2 Café Legal Soluble 50g Legal $0.00 50 g Combo Cantidad Máxima Equivale a ≈1 pza 3x2 Café Soluble Nescafé Clás",,8800,,,,unknown,
Especiais,"Especiais Meu Desconto Minha Lista Blog do Pão Perfumaria Orgânicos e Saudáveis Vinhos e Espumantes Cartões Pão de Açúcar Notícias do Pão Qualitá Flores e Presenteáveis Categorias Alimentos Bebidas Limpeza Descartáveis Bebê e Criança Perfumaria PetShop Bazar Caras do Brasil Categorias Categorias Categorias Para aumentar ou reduzir a fonte, utilize os atalhos nativos do seu navegador: No windows CTRL + (para aumentar) e CTRL - (para diminuir) No macOS CMD + (para aumentar) e CMD - (para diminuir) Nossas Lojas Como Comprar Seguros Pão de Açúcar Cartões Pão de Açúcar Pão de Açúcar Mais 0 Digite o que você quer encontrar BUSCAR Entrar 0 Ver todas categorias Ofertas 🤑 Vinhos 🍷 Cerveja 🍻 Saudáveis 🥦 Meu Desconto 📲 Meus Favoritos 💚 Minha Lista Home Alimentos Padaria Padaria Industrializada Pães Pão de Forma Tradicional Pullman 480g Cód.: 3796832 R$ 10,29 Preço por 100g - R$ 2,14 Comprar Faça sua primeira compra online com cupom NOVO30 Para compras acima de R$199,00 Copiar Cupom Calcular o frete e prazo: OK Pão de Forma Tradicional Pullman 480g R$ 10,29 Comprar Veja também R$ 10,90 Pão Bisnaguinha Integral Panco Pacote 300g R$ 9,99 Pao Nutri Del Grano Hamburguer Brioche Panutrir 320g R$ 19,29 Pão de Forma Maçã com Canela sem Glúten Vegano Schär Pacote 200g R$ 16,90 Pão Caseirinho 67,3% Integral Multicereais 400g R$ 21,50 Pão de Proteína Chia Backstube Fit 250g R$ 7,99 Pão Bisnaguinha Visconti Pacote 240g R$ 9,99 Pão Coco Qualitá Pacote 300g R$ 15,90 Pão Tipo Sueco Pinheiro Com Gergelim 180g R$ 9,59 Pao Nutri Del Grano Hamburguer Artesanal Panutrir 320g R$ 13,49 Pão Brioche Tradicional SOUi 300G R$ 11,49 Pão para Hambúrguer GOURMET PANUTRI 500g R$ 28,90 Pão Batata-Doce com Grãos sem Glúten Zero Lactose Grani Amici Ancestrale Pacote 420g R$ 15,90 Pão Tipo Sueco Novo Pinheiro Pacote 180g R$ 24,90 Pão de Forma Mandioquinha com Cenoura sem Glúten Zero Lactose Grani Amici Ancestrale 420g R$ 15,90 Pão Tipo Sueco com Linhaça Novo Pinheiro 180g R$ 10,90 Pão Bisnaguinha Integral Panc",,10.29,,,,unknown,
Especiais,"Especiais Meu Desconto Minha Lista Blog do Pão Perfumaria Orgânicos e Saudáveis Vinhos e Espumantes Cartões Pão de Açúcar Notícias do Pão Qualitá Flores e Presenteáveis Categorias Alimentos Bebidas Limpeza Descartáveis Bebê e Criança Perfumaria PetShop Bazar Caras do Brasil Categorias Categorias Categorias Para aumentar ou reduzir a fonte, utilize os atalhos nativos do seu navegador: No windows CTRL + (para aumentar) e CTRL - (para diminuir) No macOS CMD + (para aumentar) e CMD - (para diminuir) Nossas Lojas Como Comprar Seguros Pão de Açúcar Cartões Pão de Açúcar Pão de Açúcar Mais 0 Digite o que você quer encontrar BUSCAR Entrar 0 Ver todas categorias Ofertas 🤑 Vinhos 🍷 Cerveja 🍻 Saudáveis 🥦 Meu Desconto 📲 Meus Favoritos 💚 Minha Lista Home Alimentos Padaria Padaria Industrializada Pães Pão de Forma Panco Premium Pacote 500g Cód.: 1161717 R$ 11,49 Preço por 100g - R$ 2,29 Comprar Faça sua primeira compra online com cupom NOVO30 Para compras acima de R$199,00 Copiar Cupom Calcular o frete e prazo: OK Pão de Forma Panco Premium Pacote 500g R$ 11,49 Comprar Veja também R$ 10,90 Pão Bisnaguinha Integral Panco Pacote 300g R$ 9,99 Pao Nutri Del Grano Hamburguer Brioche Panutrir 320g R$ 19,29 Pão de Forma Maçã com Canela sem Glúten Vegano Schär Pacote 200g R$ 16,90 Pão Caseirinho 67,3% Integral Multicereais 400g R$ 21,50 Pão de Proteína Chia Backstube Fit 250g R$ 7,99 Pão Bisnaguinha Visconti Pacote 240g R$ 9,99 Pão Coco Qualitá Pacote 300g R$ 15,90 Pão Tipo Sueco Pinheiro Com Gergelim 180g R$ 9,59 Pao Nutri Del Grano Hamburguer Artesanal Panutrir 320g R$ 13,49 Pão Brioche Tradicional SOUi 300G R$ 11,49 Pão para Hambúrguer GOURMET PANUTRI 500g R$ 28,90 Pão Batata-Doce com Grãos sem Glúten Zero Lactose Grani Amici Ancestrale Pacote 420g R$ 15,90 Pão Tipo Sueco Novo Pinheiro Pacote 180g R$ 24,90 Pão de Forma Mandioquinha com Cenoura sem Glúten Zero Lactose Grani Amici Ancestrale 420g R$ 15,90 Pão Tipo Sueco com Linhaça Novo Pinheiro 180g R$ 10,90 Pão Bisnaguinha Integral Pa",,11.49,,,,unknown,
Especiais,"Especiais Meu Desconto Minha Lista Blog do Pão Perfumaria Orgânicos e Saudáveis Vinhos e Espumantes Cartões Pão de Açúcar Notícias do Pão Qualitá Flores e Presenteáveis Categorias Alimentos Bebidas Limpeza Descartáveis Bebê e Criança Perfumaria PetShop Bazar Caras do Brasil Categorias Categorias Categorias Para aumentar ou reduzir a fonte, utilize os atalhos nativos do seu navegador: No windows CTRL + (para aumentar) e CTRL - (para diminuir) No macOS CMD + (para aumentar) e CMD - (para diminuir) Nossas Lojas Como Comprar Seguros Pão de Açúcar Cartões Pão de Açúcar Pão de Açúcar Mais 0 Digite o que você quer encontrar BUSCAR Entrar 0 Ver todas categorias Ofertas 🤑 Vinhos 🍷 Cerveja 🍻 Saudáveis 🥦 Meu Desconto 📲 Meus Favoritos 💚 Minha Lista Home Alimentos Padaria Padaria Industrializada Pães Pão De Forma SEVEN BOYS Pacote 450g Cód.: 3738542 R$ 7,19 Preço por 100g - R$ 1,59 Comprar Faça sua primeira compra online com cupom NOVO30 Para compras acima de R$199,00 Copiar Cupom Calcular o frete e prazo: OK Pão De Forma SEVEN BOYS Pacote 450g R$ 7,19 Comprar Veja também R$ 10,90 Pão Bisnaguinha Integral Panco Pacote 300g R$ 9,99 Pao Nutri Del Grano Hamburguer Brioche Panutrir 320g R$ 19,29 Pão de Forma Maçã com Canela sem Glúten Vegano Schär Pacote 200g R$ 16,90 Pão Caseirinho 67,3% Integral Multicereais 400g R$ 21,50 Pão de Proteína Chia Backstube Fit 250g R$ 7,99 Pão Bisnaguinha Visconti Pacote 240g R$ 9,99 Pão Coco Qualitá Pacote 300g R$ 15,90 Pão Tipo Sueco Pinheiro Com Gergelim 180g R$ 9,59 Pao Nutri Del Grano Hamburguer Artesanal Panutrir 320g R$ 13,49 Pão Brioche Tradicional SOUi 300G R$ 11,49 Pão para Hambúrguer GOURMET PANUTRI 500g R$ 28,90 Pão Batata-Doce com Grãos sem Glúten Zero Lactose Grani Amici Ancestrale Pacote 420g R$ 15,90 Pão Tipo Sueco Novo Pinheiro Pacote 180g R$ 24,90 Pão de Forma Mandioquinha com Cenoura sem Glúten Zero Lactose Grani Amici Ancestrale 420g R$ 15,90 Pão Tipo Sueco com Linhaça Novo Pinheiro 180g R$ 10,90 Pão Bisnaguinha Integral Panco Paco",,7.19,,,,unknown,
Especiais,"Especiais Meu Desconto Minha Lista Blog do Pão Perfumaria Orgânicos e Saudáveis Vinhos e Espumantes Cartões Pão de Açúcar Notícias do Pão Qualitá Flores e Presenteáveis Categorias Alimentos Bebidas Limpeza Descartáveis Bebê e Criança Perfumaria PetShop Bazar Caras do Brasil Categorias Categorias Categorias Para aumentar ou reduzir a fonte, utilize os atalhos nativos do seu navegador: No windows CTRL + (para aumentar) e CTRL - (para diminuir) No macOS CMD + (para aumentar) e CMD - (para diminuir) Nossas Lojas Como Comprar Seguros Pão de Açúcar Cartões Pão de Açúcar Pão de Açúcar Mais 0 Digite o que você quer encontrar BUSCAR Entrar 0 Ver todas categorias Ofertas 🤑 Vinhos 🍷 Cerveja 🍻 Saudáveis 🥦 Meu Desconto 📲 Meus Favoritos 💚 Minha Lista Home Alimentos Padaria Padaria Industrializada Pães Pão de Forma Wickbold Do Forno 100% Nutrição Pacote 500g Cód.: 1180400 R$ 15,29 Preço por 1kg - R$ 30,58 Comprar Faça sua primeira compra online com cupom NOVO30 Para compras acima de R$199,00 Copiar Cupom Calcular o frete e prazo: OK Pão de Forma Wickbold Do Forno 100% Nutrição Pacote 500g R$ 15,29 Comprar Veja também R$ 10,90 Pão Bisnaguinha Integral Panco Pacote 300g R$ 9,99 Pao Nutri Del Grano Hamburguer Brioche Panutrir 320g R$ 19,29 Pão de Forma Maçã com Canela sem Glúten Vegano Schär Pacote 200g R$ 16,90 Pão Caseirinho 67,3% Integral Multicereais 400g R$ 21,50 Pão de Proteína Chia Backstube Fit 250g R$ 7,99 Pão Bisnaguinha Visconti Pacote 240g R$ 9,99 Pão Coco Qualitá Pacote 300g R$ 15,90 Pão Tipo Sueco Pinheiro Com Gergelim 180g R$ 9,59 Pao Nutri Del Grano Hamburguer Artesanal Panutrir 320g R$ 13,49 Pão Brioche Tradicional SOUi 300G R$ 11,49 Pão para Hambúrguer GOURMET PANUTRI 500g R$ 28,90 Pão Batata-Doce com Grãos sem Glúten Zero Lactose Grani Amici Ancestrale Pacote 420g R$ 15,90 Pão Tipo Sueco Novo Pinheiro Pacote 180g R$ 24,90 Pão de Forma Mandioquinha com Cenoura sem Glúten Zero Lactose Grani Amici Ancestrale 420g R$ 15,90 Pão Tipo Sueco com Linhaça Novo Pinheiro 180g ",,15.29,,,,unknown,
Especiais,"Especiais Meu Desconto Minha Lista Blog do Pão Perfumaria Orgânicos e Saudáveis Vinhos e Espumantes Cartões Pão de Açúcar Notícias do Pão Qualitá Flores e Presenteáveis Categorias Alimentos Bebidas Limpeza Descartáveis Bebê e Criança Perfumaria PetShop Bazar Caras do Brasil Categorias Categorias Categorias Para aumentar ou reduzir a fonte, utilize os atalhos nativos do seu navegador: No windows CTRL + (para aumentar) e CTRL - (para diminuir) No macOS CMD + (para aumentar) e CMD - (para diminuir) Nossas Lojas Como Comprar Seguros Pão de Açúcar Cartões Pão de Açúcar Pão de Açúcar Mais 0 Digite o que você quer encontrar BUSCAR Entrar 0 Ver todas categorias Ofertas 🤑 Vinhos 🍷 Cerveja 🍻 Saudáveis 🥦 Meu Desconto 📲 Meus Favoritos 💚 Minha Lista Home Alimentos Padaria Padaria Industrializada Pães Pão de Forma Tradicional Qualitá Pacote 400g Cód.: 1392150 R$ 6,29 R$ 7,39 -14% Comprar Faça sua primeira compra online com cupom NOVO30 Para compras acima de R$199,00 Copiar Cupom Calcular o frete e prazo: OK Pão de Forma Tradicional Qualitá Pacote 400g R$ 6,29 Comprar Veja também R$ 10,90 Pão Bisnaguinha Integral Panco Pacote 300g R$ 9,99 Pao Nutri Del Grano Hamburguer Brioche Panutrir 320g R$ 19,29 Pão de Forma Maçã com Canela sem Glúten Vegano Schär Pacote 200g R$ 16,90 Pão Caseirinho 67,3% Integral Multicereais 400g R$ 21,50 Pão de Proteína Chia Backstube Fit 250g R$ 7,99 Pão Bisnaguinha Visconti Pacote 240g R$ 9,99 Pão Coco Qualitá Pacote 300g R$ 15,90 Pão Tipo Sueco Pinheiro Com Gergelim 180g R$ 9,59 Pao Nutri Del Grano Hamburguer Artesanal Panutrir 320g R$ 13,49 Pão Brioche Tradicional SOUi 300G R$ 11,49 Pão para Hambúrguer GOURMET PANUTRI 500g R$ 28,90 Pão Batata-Doce com Grãos sem Glúten Zero Lactose Grani Amici Ancestrale Pacote 420g R$ 15,90 Pão Tipo Sueco Novo Pinheiro Pacote 180g R$ 24,90 Pão de Forma Mandioquinha com Cenoura sem Glúten Zero Lactose Grani Amici Ancestrale 420g R$ 15,90 Pão Tipo Sueco com Linhaça Novo Pinheiro 180g R$ 10,90 Pão Bisnaguinha Integral Panc",,6.29,,,,unknown,
Especiais,"Especiais Meu Desconto Minha Lista Blog do Pão Perfumaria Orgânicos e Saudáveis Vinhos e Espumantes Cartões Pão de Açúcar Notícias do Pão Qualitá Flores e Presenteáveis Categorias Alimentos Bebidas Limpeza Descartáveis Bebê e Criança Perfumaria PetShop Bazar Caras do Brasil Categorias Categorias Categorias Para aumentar ou reduzir a fonte, utilize os atalhos nativos do seu navegador: No windows CTRL + (para aumentar) e CTRL - (para diminuir) No macOS CMD + (para aumentar) e CMD - (para diminuir) Nossas Lojas Como Comprar Seguros Pão de Açúcar Cartões Pão de Açúcar Pão de Açúcar Mais 0 Digite o que você quer encontrar BUSCAR Entrar 0 Ver todas categorias Ofertas 🤑 Vinhos 🍷 Cerveja 🍻 Saudáveis 🥦 Meu Desconto 📲 Meus Favoritos 💚 Minha Lista Home Bebidas Não Alcoólicas Refrigerantes Cola Refrigerante Coca-Cola Original Garrafa 1,5l Cód.: 4493457 R$ 8,49 R$ 9,69 -12% Comprar Faça sua primeira compra online com cupom NOVO30 Para compras acima de R$199,00 Copiar Cupom Calcular o frete e prazo: OK Refrigerante Coca-Cola Original Garrafa 1,5l R$ 8,49 Comprar Veja também R$ 2,99 Refrigerante Coca-Cola Café Expresso LATA 220ML R$ 1,69 Refrigerante Cola Pepsi Garrafa 200ml R$ 3,79 Refrigerante sem Açúcar Coca-Cola Lata 310ml R$ 11,99 Refrigerante sem Açúcar Coca-Cola Zero Garrafa 2l R$ 3,49 -16% R$ 4,19 Refrigerante sem Açúcar Coca-Cola Lata 350ml R$ 8,29 Refrigerante Orgânico WEWI Zero Cola Garrafa 255ml R$ 6,99 Refrigerante Cola Zero Açúcar Pepsi Black Garrafa 1,5l R$ 2,99 Refrigerante Coca-Cola Lata 220ml R$ 6,99 Refrigerante Orgânico WEWI Sabor Cola Lata 350ml R$ 3,79 Refrigerante Coca-Cola Lata 310ml R$ 8,49 -12% R$ 9,69 Refrigerante Coca-Cola Original Garrafa 1,5l R$ 3,19 Refrigerante Cola Zero Açúcar Pepsi Black Lata 350ml R$ 5,89 Refrigerante Coca-Cola Garrafa 600ml R$ 4,19 Refrigerante Coca-Cola Zero Garrafa 250ml R$ 6,99 Refrigerante sem Açúcar Coca-Cola Garrafa 1l R$ 2,99 Refrigerante Coca-Cola Café Expresso LATA 220ML R$ 1,69 Refrigerante Cola Pepsi Garrafa 200ml R$ ",,8.49,,,,unknown,
Especiais,"Especiais Meu Desconto Minha Lista Blog do Pão Perfumaria Orgânicos e Saudáveis Vinhos e Espumantes Cartões Pão de Açúcar Notícias do Pão Qualitá Flores e Presenteáveis Categorias Alimentos Bebidas Limpeza Descartáveis Bebê e Criança Perfumaria PetShop Bazar Caras do Brasil Categorias Categorias Categorias Para aumentar ou reduzir a fonte, utilize os atalhos nativos do seu navegador: No windows CTRL + (para aumentar) e CTRL - (para diminuir) No macOS CMD + (para aumentar) e CMD - (para diminuir) Nossas Lojas Como Comprar Seguros Pão de Açúcar Cartões Pão de Açúcar Pão de Açúcar Mais 0 Digite o que você quer encontrar BUSCAR Entrar 0 Ver todas categorias Ofertas 🤑 Vinhos 🍷 Cerveja 🍻 Saudáveis 🥦 Meu Desconto 📲 Meus Favoritos 💚 Minha Lista Home Bebidas Não Alcoólicas Refrigerantes Demais Refrigerantes Refrigerante Laranja Fanta Garrafa 600ml Cód.: 0160070 R$ 5,39 Preço por 1L - R$ 8,98 Comprar Faça sua primeira compra online com cupom NOVO30 Para compras acima de R$199,00 Copiar Cupom Calcular o frete e prazo: OK Refrigerante Laranja Fanta Garrafa 600ml R$ 5,39 Comprar Veja também R$ 2,99 -18% R$ 3,69 Refrigerante Chucky Punch Fanta Lata 350ml R$ 2,99 -18% R$ 3,69 Refrigerante Laranja Zero Adição de Açúcar Fanta Lata 350ml R$ 1,69 Refrigerante Limão Sprite Garrafa 200ml R$ 17,99 Kit Refrigerante Coca-Cola Original + Fanta Guaraná 2l Cada Leve Mais Pague Menos R$ 5,29 Refrigerante Soda Prata Club Soda Lata 269ml R$ 6,29 Água Mineral Soda com Gás Prata Club Soda Garrafa 200ml R$ 4,69 Refrigerante Maçã Golden, Hortelã e Capim-Limão Clashd Lata 269ml R$ 4,79 Refrigerante Blueberry St. Pierre Lata 270ml R$ 4,69 Refrigerante Limão Siciliano, Morango e Gengibre Clashd Lata 269ml R$ 2,99 -18% R$ 3,69 Refrigerante Maracujá Fanta Lata 350ml R$ 3,89 Refrigerante Pink Lemonade Prata Lata 269ml R$ 2,99 Refrigerante Limão-Siciliano Zero Açúcar Fys Lata 350ml R$ 2,99 Refrigerante Laranja-Pera FYs Lata 350ml R$ 3,09 Refrigerante ITUBAÍNA Zero Retrô Sabor Tutti Frutti Lata 350ml R$ 2,9",,5.39,,,,unknown,
Especiais,"Especiais Meu Desconto Minha Lista Blog do Pão Perfumaria Orgânicos e Saudáveis Vinhos e Espumantes Cartões Pão de Açúcar Notícias do Pão Qualitá Flores e Presenteáveis Categorias Alimentos Bebidas Limpeza Descartáveis Bebê e Criança Perfumaria PetShop Bazar Caras do Brasil Categorias Categorias Categorias Para aumentar ou reduzir a fonte, utilize os atalhos nativos do seu navegador: No windows CTRL + (para aumentar) e CTRL - (para diminuir) No macOS CMD + (para aumentar) e CMD - (para diminuir) Nossas Lojas Como Comprar Seguros Pão de Açúcar Cartões Pão de Açúcar Pão de Açúcar Mais 0 Digite o que você quer encontrar BUSCAR Entrar 0 Ver todas categorias Ofertas 🤑 Vinhos 🍷 Cerveja 🍻 Saudáveis 🥦 Meu Desconto 📲 Meus Favoritos 💚 Minha Lista Home Bebidas Não Alcoólicas Refrigerantes Tônica Refrigerante Citrus Original Schweppes Garrafa 1,5l Cód.: 1198286 R$ 8,99 Preço por 1L - R$ 5,99 Comprar Faça sua primeira compra online com cupom NOVO30 Para compras acima de R$199,00 Copiar Cupom Calcular o frete e prazo: OK Refrigerante Citrus Original Schweppes Garrafa 1,5l R$ 8,99 Comprar Veja também R$ 4,79 Ginger Beer St. Pierre 270ml R$ 13,49 Água Soda com Gás Fever-Tree Garrafa 200ml R$ 14,49 Água Tônica Fever-Tree Mediterranean Vidro 200ml R$ 6,29 Água Tônica Indian Prata Garrafa 200ml R$ 14,29 Água Tônica FEVER-TREE Premium Indian 200ml R$ 8,19 Água Tônica Orgânico Ginger WEWI Garrafa 255ml R$ 6,29 Refrigerante Pink Lemonade Prata Garrafa 200ml R$ 4,99 Água Tônica St. Pierre Garrafa 275ml R$ 17,99 Água Aromatizada Pink Grapefruit Fever-Tree Garrafa 200ml R$ 4,79 Pink Lemonade St. Pierre 270ml R$ 4,99 Refrigerante Red Mint St. Pierre Garrafa 275ml R$ 4,79 Água Tônica St. Pierre Sugar Free 270ml R$ 4,79 Água Tônica St. Pierre 270ml R$ 3,19 Água Tônica Rosé Frutas Vermelhas Schweppes Lata 220ml R$ 4,99 Refrigerante Pink Lemonade St. Pierre Garrafa 275ml R$ 4,79 Ginger Beer St. Pierre 270ml R$ 13,49 Água Soda com Gás Fever-Tree Garrafa 200ml R$ 14,49 Água Tônica Fever-Tree Medit",,8.99,,,,unknown,
Especiais,"Especiais Meu Desconto Minha Lista Blog do Pão Perfumaria Orgânicos e Saudáveis Vinhos e Espumantes Cartões Pão de Açúcar Notícias do Pão Qualitá Flores e Presenteáveis Categorias Alimentos Bebidas Limpeza Descartáveis Bebê e Criança Perfumaria PetShop Bazar Caras do Brasil Categorias Categorias Categorias Para aumentar ou reduzir a fonte, utilize os atalhos nativos do seu navegador: No windows CTRL + (para aumentar) e CTRL - (para diminuir) No macOS CMD + (para aumentar) e CMD - (para diminuir) Nossas Lojas Como Comprar Seguros Pão de Açúcar Cartões Pão de Açúcar Pão de Açúcar Mais 0 Digite o que você quer encontrar BUSCAR Entrar 0 Ver todas categorias Ofertas 🤑 Vinhos 🍷 Cerveja 🍻 Saudáveis 🥦 Meu Desconto 📲 Meus Favoritos 💚 Minha Lista Home Bebidas Não Alcoólicas Refrigerantes Tônica Refrigerante Citrus Original Schweppes Garrafa 1,5l Cód.: 1198286 R$ 8,99 Preço por 1L - R$ 5,99 Comprar Faça sua primeira compra online com cupom NOVO30 Para compras acima de R$199,00 Copiar Cupom Calcular o frete e prazo: OK Refrigerante Citrus Original Schweppes Garrafa 1,5l R$ 8,99 Comprar Veja também R$ 4,79 Ginger Beer St. Pierre 270ml R$ 13,49 Água Soda com Gás Fever-Tree Garrafa 200ml R$ 14,49 Água Tônica Fever-Tree Mediterranean Vidro 200ml R$ 6,29 Água Tônica Indian Prata Garrafa 200ml R$ 14,29 Água Tônica FEVER-TREE Premium Indian 200ml R$ 8,19 Água Tônica Orgânico Ginger WEWI Garrafa 255ml R$ 6,29 Refrigerante Pink Lemonade Prata Garrafa 200ml R$ 4,99 Água Tônica St. Pierre Garrafa 275ml R$ 17,99 Água Aromatizada Pink Grapefruit Fever-Tree Garrafa 200ml R$ 4,79 Pink Lemonade St. Pierre 270ml R$ 4,99 Refrigerante Red Mint St. Pierre Garrafa 275ml R$ 4,79 Água Tônica St. Pierre Sugar Free 270ml R$ 4,79 Água Tônica St. Pierre 270ml R$ 3,19 Água Tônica Rosé Frutas Vermelhas Schweppes Lata 220ml R$ 4,99 Refrigerante Pink Lemonade St. Pierre Garrafa 275ml R$ 4,79 Ginger Beer St. Pierre 270ml R$ 13,49 Água Soda com Gás Fever-Tree Garrafa 200ml R$ 14,49 Água Tônica Fever-Tree Medit",,8.99,,,,unknown,
Especiais,"Especiais Meu Desconto Minha Lista Blog do Pão Perfumaria Orgânicos e Saudáveis Vinhos e Espumantes Cartões Pão de Açúcar Notícias do Pão Qualitá Flores e Presenteáveis Categorias Alimentos Bebidas Limpeza Descartáveis Bebê e Criança Perfumaria PetShop Bazar Caras do Brasil Categorias Categorias Categorias Para aumentar ou reduzir a fonte, utilize os atalhos nativos do seu navegador: No windows CTRL + (para aumentar) e CTRL - (para diminuir) No macOS CMD + (para aumentar) e CMD - (para diminuir) Nossas Lojas Como Comprar Seguros Pão de Açúcar Cartões Pão de Açúcar Pão de Açúcar Mais 0 Digite o que você quer encontrar BUSCAR Entrar 0 Ver todas categorias Ofertas 🤑 Vinhos 🍷 Cerveja 🍻 Saudáveis 🥦 Meu Desconto 📲 Meus Favoritos 💚 Minha Lista Home Bebidas Não Alcoólicas Sucos Bebida Mista Refresco Adoçado Laranja Del Valle Frut Garrafa 1,5l Cód.: 1038952 R$ 7,29 Preço por 1L - R$ 4,86 Comprar Faça sua primeira compra online com cupom NOVO30 Para compras acima de R$199,00 Copiar Cupom Calcular o frete e prazo: OK Refresco Adoçado Laranja Del Valle Frut Garrafa 1,5l R$ 7,29 Comprar Veja também R$ 5,69 Bebida Adoçada Uva Del Valle Frut Garrafa 1l R$ 7,29 Refresco Adoçado Uva Del Valle Frut Garrafa 1,5l R$ 2,39 -20% R$ 2,99 Refresco Adoçado Frutas Cítricas Del Valle Kapo Caixa 200ml R$ 2,39 -20% R$ 2,99 Refresco Adoçado Maracujá Del Valle Kapo Caixa 200ml R$ 2,39 -20% R$ 2,99 Refresco Adoçado Morango Del Valle Kapo Caixa 200ml R$ 13,99 Bebida Adoçada Pink Lemonade Villa Piva Garrafa 300ml R$ 6,99 Néctar Laranja e Maçã Qualitá Caixa 1l R$ 32,99 Leve 6 Pague 3 Preparado Líquido para Fitzgerald Easy Drinks Caixa 300ml 6 Unidades R$ 2,49 Néctar Manga e Maçã Qualitá Caixa 200ml R$ 2,49 Néctar Uva e Maçã Qualitá Caixa 200ml R$ 2,49 Néctar Pêssego e Maçã Qualitá Caixa 200ml R$ 6,99 Néctar Manga e Maçã Qualitá Caixa 1l R$ 6,99 Néctar Goiaba e Maçã Qualitá Caixa 1l R$ 2,49 Néctar Laranja e Maçã Qualitá Caixa 200ml R$ 7,29 Refresco Adoçado Laranja Del Valle Frut Garrafa 1,5l R$ 5,69 Be",,7.29,,,,unknown,
"Este sitio web utiliza cookies propias para optimizar la experiencia de nuestros clientes, analizar estadísticas de navegación del sitio y de terceros para brindar contenidos personalizados de acuerdo","Este sitio web utiliza cookies propias para optimizar la experiencia de nuestros clientes, analizar estadísticas de navegación del sitio y de terceros para brindar contenidos personalizados de acuerdo con sus preferencias. Al dar click en [Aceptar], autoriza el uso de cookies durante su navegación. Para más información, consulte nuestra Política de Cookies en el Aviso de Privacidad . Aceptar Supermercado Despensa Cafe y te Café Gold Los Portales de Córdoba de 170g Los Portales de Córdoba Café Gold Los Portales de Córdoba de 170g Café Gold Los Portales de Córdoba de 170g Referencia : 3734679 Información Café Gold Los Portales de Córdoba 170g Las imágenes del producto son únicamente de referencia, el diseño de etiquetas y el contenido (ml, L, Kg, g, piezas, etc) pueden cambiar y/o variar sin previo aviso. Mostrar más Características Importantes Consérvese en un lugar fresco Comparte Vendido y entregado por: Chedraui $149.00 Agregar Descripción Especificaciones Prepara tu despensa en unos cuantos clics y descubre nuestra gran variedad de productos. ¡No salgas de casa, nosotros te llevamos el súper! Productos relacionados Café Gold Los Portales de Córdoba 85g Los Portales de Córdoba $0.00 1 pieza de 85g Combo Cantidad Máxima Equivale a ≈1 pza 3x2 Café Los Portales en Grano Gold 370g Los Portales de Córdoba $0.00 370g Combo Cantidad Máxima Equivale a ≈1 pza 3x2 Café Los Portales De Córdoba Molilo Gold 370g Los Portales de Córdoba $0.00 370g Combo Cantidad Máxima Equivale a ≈1 pza 3x2 Café Los Portales Molido Gold 340g Los Portales $0.00 Combo Cantidad Máxima Equivale a ≈1 pza 3x2 Café Los Portales de Córdoba Intenso 400g Los Portales de Córdoba $0.00 1 pieza de 400g Combo Cantidad Máxima Equivale a ≈1 pza 3x2 Café Los Portales De Córdoba Mezclado 75g Los Portales de Córdoba $0.00 75g Combo Cantidad Máxima Equivale a ≈1 pza 3x2 Café Soluble Los Portales de Córdoba 400g Los Portales de Córdoba $0.00 1 pieza de 400g Combo Cantidad Máxima Equivale a ≈1 pza 3x2 Café Los Porta",,14900,,,,unknown,
Especiais,"Especiais Meu Desconto Minha Lista Blog do Pão Perfumaria Orgânicos e Saudáveis Vinhos e Espumantes Cartões Pão de Açúcar Notícias do Pão Qualitá Flores e Presenteáveis Categorias Alimentos Bebidas Limpeza Descartáveis Bebê e Criança Perfumaria PetShop Bazar Caras do Brasil Categorias Categorias Categorias Para aumentar ou reduzir a fonte, utilize os atalhos nativos do seu navegador: No windows CTRL + (para aumentar) e CTRL - (para diminuir) No macOS CMD + (para aumentar) e CMD - (para diminuir) Nossas Lojas Como Comprar Seguros Pão de Açúcar Cartões Pão de Açúcar Pão de Açúcar Mais 0 Digite o que você quer encontrar BUSCAR Entrar 0 Ver todas categorias Ofertas 🤑 Vinhos 🍷 Cerveja 🍻 Saudáveis 🥦 Meu Desconto 📲 Meus Favoritos 💚 Minha Lista Home Alimentos Básico da Despensa Massas Massas Secas Macarrão com Ovos Parafuso Barilla Pacote 500g Cód.: 1022956 R$ 5,19 Preço por 1kg - R$ 10,38 Comprar Faça sua primeira compra online com cupom NOVO30 Para compras acima de R$199,00 Copiar Cupom Calcular o frete e prazo: OK Macarrão com Ovos Parafuso Barilla Pacote 500g R$ 5,19 Comprar Veja também R$ 16,99 Macarrão Italiano GAROFALO Chicche Di Patate 500g R$ 16,99 Macarrão Italiano Garofalo Penne Ziti Rigato 500g R$ 16,79 Macarrão de Sêmola de Trigo Grano Duro Elbows Barilla Caixa 500g R$ 9,99 Macarrão Fusilli Antico 500g R$ 19,99 Macarrão Italiano Garofalo Tagliatelle 500g R$ 5,19 Macarrão com Ovos Fettuccine Barilla Pacote 500g R$ 35,99 Macarrão de Arroz Integral Spaghetti 15 La Molisana Caixa 400g R$ 11,99 Borges Grano Duro Penne Rigate 500g R$ 11,99 Borges Grano Duro Farfalle 500g R$ 10,79 Macarrão de Sêmola de Trigo Durum Spaghetti Las Acacias Pacote 500g R$ 8,89 Macarrão Semola Gemellipetybon 500g R$ 19,99 Macarrão de Sêmola Grano Duro Tricolor com Vegetais Penne Rigate 41 De Cecco Caixa 500g R$ 11,99 Macarrão Borges Grano Duro Fusilli 500g R$ 16,99 Macarrão Italiano Garofalo Farfalle 500g R$ 11,99 Macarrao Grano Duro Spaghetti 500g R$ 16,99 Macarrão Italiano GAROFALO Chicch",,5.19,,,,unknown,
Especiais,"Especiais Meu Desconto Minha Lista Blog do Pão Perfumaria Orgânicos e Saudáveis Vinhos e Espumantes Cartões Pão de Açúcar Notícias do Pão Qualitá Flores e Presenteáveis Categorias Alimentos Bebidas Limpeza Descartáveis Bebê e Criança Perfumaria PetShop Bazar Caras do Brasil Categorias Categorias Categorias Para aumentar ou reduzir a fonte, utilize os atalhos nativos do seu navegador: No windows CTRL + (para aumentar) e CTRL - (para diminuir) No macOS CMD + (para aumentar) e CMD - (para diminuir) Nossas Lojas Como Comprar Seguros Pão de Açúcar Cartões Pão de Açúcar Pão de Açúcar Mais 0 Digite o que você quer encontrar BUSCAR Entrar 0 Ver todas categorias Ofertas 🤑 Vinhos 🍷 Cerveja 🍻 Saudáveis 🥦 Meu Desconto 📲 Meus Favoritos 💚 Minha Lista Home Alimentos Básico da Despensa Massas Massas Secas +3 Macarrão ADRIA com Ovos Parafuso 500g Cód.: 0797955 R$ 5,19 Preço por 1kg - R$ 10,38 Comprar Faça sua primeira compra online com cupom NOVO30 Para compras acima de R$199,00 Copiar Cupom Calcular o frete e prazo: OK Macarrão ADRIA com Ovos Parafuso 500g R$ 5,19 Comprar Veja também R$ 16,99 Macarrão Italiano GAROFALO Chicche Di Patate 500g R$ 16,99 Macarrão Italiano Garofalo Penne Ziti Rigato 500g R$ 16,79 Macarrão de Sêmola de Trigo Grano Duro Elbows Barilla Caixa 500g R$ 9,99 Macarrão Fusilli Antico 500g R$ 19,99 Macarrão Italiano Garofalo Tagliatelle 500g R$ 5,19 Macarrão com Ovos Fettuccine Barilla Pacote 500g R$ 35,99 Macarrão de Arroz Integral Spaghetti 15 La Molisana Caixa 400g R$ 11,99 Borges Grano Duro Penne Rigate 500g R$ 11,99 Borges Grano Duro Farfalle 500g R$ 10,79 Macarrão de Sêmola de Trigo Durum Spaghetti Las Acacias Pacote 500g R$ 8,89 Macarrão Semola Gemellipetybon 500g R$ 19,99 Macarrão de Sêmola Grano Duro Tricolor com Vegetais Penne Rigate 41 De Cecco Caixa 500g R$ 11,99 Macarrão Borges Grano Duro Fusilli 500g R$ 16,99 Macarrão Italiano Garofalo Farfalle 500g R$ 11,99 Macarrao Grano Duro Spaghetti 500g R$ 16,99 Macarrão Italiano GAROFALO Chicche Di Patate 500",,5.19,,,,unknown,
Especiais,"Especiais Meu Desconto Minha Lista Blog do Pão Perfumaria Orgânicos e Saudáveis Vinhos e Espumantes Cartões Pão de Açúcar Notícias do Pão Qualitá Flores e Presenteáveis Categorias Alimentos Bebidas Limpeza Descartáveis Bebê e Criança Perfumaria PetShop Bazar Caras do Brasil Categorias Categorias Categorias Para aumentar ou reduzir a fonte, utilize os atalhos nativos do seu navegador: No windows CTRL + (para aumentar) e CTRL - (para diminuir) No macOS CMD + (para aumentar) e CMD - (para diminuir) Nossas Lojas Como Comprar Seguros Pão de Açúcar Cartões Pão de Açúcar Pão de Açúcar Mais 0 Digite o que você quer encontrar BUSCAR Entrar 0 Ver todas categorias Ofertas 🤑 Vinhos 🍷 Cerveja 🍻 Saudáveis 🥦 Meu Desconto 📲 Meus Favoritos 💚 Minha Lista Home Alimentos Básico da Despensa Massas Massas Secas Macarrão com Ovos Parafuso PETYBON Pacote 500g Cód.: 0118378 R$ 4,49 Preço por 1kg - R$ 8,98 Comprar Faça sua primeira compra online com cupom NOVO30 Para compras acima de R$199,00 Copiar Cupom Calcular o frete e prazo: OK Macarrão com Ovos Parafuso PETYBON Pacote 500g R$ 4,49 Comprar Veja também R$ 16,99 Macarrão Italiano GAROFALO Chicche Di Patate 500g R$ 16,99 Macarrão Italiano Garofalo Penne Ziti Rigato 500g R$ 16,79 Macarrão de Sêmola de Trigo Grano Duro Elbows Barilla Caixa 500g R$ 9,99 Macarrão Fusilli Antico 500g R$ 19,99 Macarrão Italiano Garofalo Tagliatelle 500g R$ 5,19 Macarrão com Ovos Fettuccine Barilla Pacote 500g R$ 35,99 Macarrão de Arroz Integral Spaghetti 15 La Molisana Caixa 400g R$ 11,99 Borges Grano Duro Penne Rigate 500g R$ 11,99 Borges Grano Duro Farfalle 500g R$ 10,79 Macarrão de Sêmola de Trigo Durum Spaghetti Las Acacias Pacote 500g R$ 8,89 Macarrão Semola Gemellipetybon 500g R$ 19,99 Macarrão de Sêmola Grano Duro Tricolor com Vegetais Penne Rigate 41 De Cecco Caixa 500g R$ 11,99 Macarrão Borges Grano Duro Fusilli 500g R$ 16,99 Macarrão Italiano Garofalo Farfalle 500g R$ 11,99 Macarrao Grano Duro Spaghetti 500g R$ 16,99 Macarrão Italiano GAROFALO Chicche",,4.49,,,,unknown,
Especiais,"Especiais Meu Desconto Minha Lista Blog do Pão Perfumaria Orgânicos e Saudáveis Vinhos e Espumantes Cartões Pão de Açúcar Notícias do Pão Qualitá Flores e Presenteáveis Categorias Alimentos Bebidas Limpeza Descartáveis Bebê e Criança Perfumaria PetShop Bazar Caras do Brasil Categorias Categorias Categorias Para aumentar ou reduzir a fonte, utilize os atalhos nativos do seu navegador: No windows CTRL + (para aumentar) e CTRL - (para diminuir) No macOS CMD + (para aumentar) e CMD - (para diminuir) Nossas Lojas Como Comprar Seguros Pão de Açúcar Cartões Pão de Açúcar Pão de Açúcar Mais 0 Digite o que você quer encontrar BUSCAR Entrar 0 Ver todas categorias Ofertas 🤑 Vinhos 🍷 Cerveja 🍻 Saudáveis 🥦 Meu Desconto 📲 Meus Favoritos 💚 Minha Lista Home Alimentos Básico da Despensa Massas Massas Secas Macarrão com Ovos Parafuso PETYBON Pacote 500g Cód.: 0118378 R$ 4,49 Preço por 1kg - R$ 8,98 Comprar Faça sua primeira compra online com cupom NOVO30 Para compras acima de R$199,00 Copiar Cupom Calcular o frete e prazo: OK Macarrão com Ovos Parafuso PETYBON Pacote 500g R$ 4,49 Comprar Veja também R$ 16,99 Macarrão Italiano GAROFALO Chicche Di Patate 500g R$ 16,99 Macarrão Italiano Garofalo Penne Ziti Rigato 500g R$ 16,79 Macarrão de Sêmola de Trigo Grano Duro Elbows Barilla Caixa 500g R$ 9,99 Macarrão Fusilli Antico 500g R$ 19,99 Macarrão Italiano Garofalo Tagliatelle 500g R$ 5,19 Macarrão com Ovos Fettuccine Barilla Pacote 500g R$ 35,99 Macarrão de Arroz Integral Spaghetti 15 La Molisana Caixa 400g R$ 11,99 Borges Grano Duro Penne Rigate 500g R$ 11,99 Borges Grano Duro Farfalle 500g R$ 10,79 Macarrão de Sêmola de Trigo Durum Spaghetti Las Acacias Pacote 500g R$ 8,89 Macarrão Semola Gemellipetybon 500g R$ 19,99 Macarrão de Sêmola Grano Duro Tricolor com Vegetais Penne Rigate 41 De Cecco Caixa 500g R$ 11,99 Macarrão Borges Grano Duro Fusilli 500g R$ 16,99 Macarrão Italiano Garofalo Farfalle 500g R$ 11,99 Macarrao Grano Duro Spaghetti 500g R$ 16,99 Macarrão Italiano GAROFALO Chicche",,4.49,,,,unknown,
Especiais,"Especiais Meu Desconto Minha Lista Blog do Pão Perfumaria Orgânicos e Saudáveis Vinhos e Espumantes Cartões Pão de Açúcar Notícias do Pão Qualitá Flores e Presenteáveis Categorias Alimentos Bebidas Limpeza Descartáveis Bebê e Criança Perfumaria PetShop Bazar Caras do Brasil Categorias Categorias Categorias Para aumentar ou reduzir a fonte, utilize os atalhos nativos do seu navegador: No windows CTRL + (para aumentar) e CTRL - (para diminuir) No macOS CMD + (para aumentar) e CMD - (para diminuir) Nossas Lojas Como Comprar Seguros Pão de Açúcar Cartões Pão de Açúcar Pão de Açúcar Mais 0 Digite o que você quer encontrar BUSCAR Entrar 0 Ver todas categorias Ofertas 🤑 Vinhos 🍷 Cerveja 🍻 Saudáveis 🥦 Meu Desconto 📲 Meus Favoritos 💚 Minha Lista Home Alimentos Básico da Despensa Massas Massas Secas Macarrão de Sêmola com Ovos Parafuso Renata Pacote 500g Cód.: 0732642 R$ 4,99 Preço por 1kg - R$ 9,98 Comprar Faça sua primeira compra online com cupom NOVO30 Para compras acima de R$199,00 Copiar Cupom Calcular o frete e prazo: OK Macarrão de Sêmola com Ovos Parafuso Renata Pacote 500g R$ 4,99 Comprar Veja também R$ 16,99 Macarrão Italiano GAROFALO Chicche Di Patate 500g R$ 16,99 Macarrão Italiano Garofalo Penne Ziti Rigato 500g R$ 16,79 Macarrão de Sêmola de Trigo Grano Duro Elbows Barilla Caixa 500g R$ 9,99 Macarrão Fusilli Antico 500g R$ 19,99 Macarrão Italiano Garofalo Tagliatelle 500g R$ 5,19 Macarrão com Ovos Fettuccine Barilla Pacote 500g R$ 35,99 Macarrão de Arroz Integral Spaghetti 15 La Molisana Caixa 400g R$ 11,99 Borges Grano Duro Penne Rigate 500g R$ 11,99 Borges Grano Duro Farfalle 500g R$ 10,79 Macarrão de Sêmola de Trigo Durum Spaghetti Las Acacias Pacote 500g R$ 8,89 Macarrão Semola Gemellipetybon 500g R$ 19,99 Macarrão de Sêmola Grano Duro Tricolor com Vegetais Penne Rigate 41 De Cecco Caixa 500g R$ 11,99 Macarrão Borges Grano Duro Fusilli 500g R$ 16,99 Macarrão Italiano Garofalo Farfalle 500g R$ 11,99 Macarrao Grano Duro Spaghetti 500g R$ 16,99 Macarrão Italian",,4.99,,,,unknown,
Especiais,"Especiais Meu Desconto Minha Lista Blog do Pão Perfumaria Orgânicos e Saudáveis Vinhos e Espumantes Cartões Pão de Açúcar Notícias do Pão Qualitá Flores e Presenteáveis Categorias Alimentos Bebidas Limpeza Descartáveis Bebê e Criança Perfumaria PetShop Bazar Caras do Brasil Categorias Categorias Categorias Para aumentar ou reduzir a fonte, utilize os atalhos nativos do seu navegador: No windows CTRL + (para aumentar) e CTRL - (para diminuir) No macOS CMD + (para aumentar) e CMD - (para diminuir) Nossas Lojas Como Comprar Seguros Pão de Açúcar Cartões Pão de Açúcar Pão de Açúcar Mais 0 Digite o que você quer encontrar BUSCAR Entrar 0 Ver todas categorias Ofertas 🤑 Vinhos 🍷 Cerveja 🍻 Saudáveis 🥦 Meu Desconto 📲 Meus Favoritos 💚 Minha Lista Home Alimentos Básico da Despensa Leites Leite Semi-desnatado Leite Longa Vida Semidesnatado QUALITÁ 1 Litro Cód.: 8879356 R$ 5,39 Leve 6 Pague 5 Comprar Faça sua primeira compra online com cupom NOVO30 Para compras acima de R$199,00 Copiar Cupom Calcular o frete e prazo: OK Leite Longa Vida Semidesnatado QUALITÁ 1 Litro R$ 5,39 Comprar Veja também R$ 6,29 Leve 6 Pague 5 Leite UHT Semidesnatado Parmalat Garrafa 1 Litro R$ 7,79 Leve 6 Pague 5 Leite Semi Desnatado NINHO Levinho 1L R$ 5,39 Leve 6 Pague 5 Leite Longa Vida Semidesnatado QUALITÁ 1 Litro R$ 5,69 Leve 6 Pague 5 Leite Longa Vida Semi Desnatado DÁLIA 1 Litro R$ 6,29 Leve 6 Pague 5 Leite UHT Desnatado JUSSARA Edge 1 Litro R$ 6,19 Leve 6 Pague 5 Leite Longa Vida Semidesnatado ITALAC 1 Litro R$ 6,79 Leve 6 Pague 5 Leite UHT Semidesnatado Zero Lactose Paulista Caixa com Tampa 1l R$ 9,19 Leve 6 Pague 5 Leite UHT Tipo A2A2 Semidesnatado Ninho Levinho Forti+ Caixa com Tampa 1l R$ 7,19 Leve 6 Pague 5 Leite UHT Semidesnatado A2 Italac 1L R$ 6,79 Leve 6 Pague 5 Leite UHT Integral Zero Lactose Paulista Caixa com Tampa 1l R$ 6,89 Leve 6 Pague 5 Leite UHT Semidesnatado Paulista Caixa com Tampa 1l R$ 5,69 Leve 6 Pague 5 Leite Semi Desnatado JUSSARA Garrafa 1 Litro R$ 6,79 Leve 6 Pague 5 Lei",,5.39,,,,unknown,
Especiais,"Especiais Meu Desconto Minha Lista Blog do Pão Perfumaria Orgânicos e Saudáveis Vinhos e Espumantes Cartões Pão de Açúcar Notícias do Pão Qualitá Flores e Presenteáveis Categorias Alimentos Bebidas Limpeza Descartáveis Bebê e Criança Perfumaria PetShop Bazar Caras do Brasil Categorias Categorias Categorias Para aumentar ou reduzir a fonte, utilize os atalhos nativos do seu navegador: No windows CTRL + (para aumentar) e CTRL - (para diminuir) No macOS CMD + (para aumentar) e CMD - (para diminuir) Nossas Lojas Como Comprar Seguros Pão de Açúcar Cartões Pão de Açúcar Pão de Açúcar Mais 0 Digite o que você quer encontrar BUSCAR Entrar 0 Ver todas categorias Ofertas 🤑 Vinhos 🍷 Cerveja 🍻 Saudáveis 🥦 Meu Desconto 📲 Meus Favoritos 💚 Minha Lista Home Alimentos Básico da Despensa Leites Leite Desnatado Leite Desnatado MOLICO 1L Cód.: 1228726 R$ 8,39 Leve 6 Pague 5 Comprar Faça sua primeira compra online com cupom NOVO30 Para compras acima de R$199,00 Copiar Cupom Calcular o frete e prazo: OK Leite Desnatado MOLICO 1L R$ 8,39 Comprar Veja também R$ 10,99 Leve 6 Pague 5 Leite Longa Vida Desnatado LEITISSIM0 1 Litro R$ 10,99 Leve 6 Pague 5 Leite UHT Desnatado Orgânico Timbaúba Caixa com Tampa 1l R$ 6,29 Leve 6 Pague 5 Leite Longa Vida Desnatado PARMALAT 1 Litro R$ 5,59 Leve 6 Pague 5 Leite UHT Semidesnatado Jussara Équilibré Caixa com Tampa 1l R$ 5,39 Leve 6 Pague 5 Leite Longa Vida Desnatado QUALITÁ 1 Litro R$ 6,19 Leve 6 Pague 5 Leite Longa Vida Desnatado ITALAC 1L R$ 8,59 Leve 6 Pague 5 Leite UHT Tipo A2A2 Semidesnatado Piracanjuba Caixa com Tampa 1l R$ 6,69 Leve 6 Pague 5 Leite UHT Desnatado Paulista Caixa com Tampa 1l R$ 5,69 Leve 6 Pague 5 Leite Desnatado JUSSARA Garrafa 1 Litro R$ 5,69 Leve 6 Pague 5 Leite Longa Vida Desnatado DÁLIA 1 Litro R$ 8,39 Leve 6 Pague 5 Leite Desnatado MOLICO 1L R$ 5,89 Leve 6 Pague 5 Leite Desnatado Piracanjuba 1L R$ 6,19 Leve 6 Pague 5 Leite UHT Desnatado Parmalat Garrafa 1 Litro R$ 10,99 Leve 6 Pague 5 Leite Longa Vida Desnatado LEITISSIM0 1 ",,8.39,,,,unknown,
Especiais,"Especiais Meu Desconto Minha Lista Blog do Pão Perfumaria Orgânicos e Saudáveis Vinhos e Espumantes Cartões Pão de Açúcar Notícias do Pão Qualitá Flores e Presenteáveis Categorias Alimentos Bebidas Limpeza Descartáveis Bebê e Criança Perfumaria PetShop Bazar Caras do Brasil Categorias Categorias Categorias Para aumentar ou reduzir a fonte, utilize os atalhos nativos do seu navegador: No windows CTRL + (para aumentar) e CTRL - (para diminuir) No macOS CMD + (para aumentar) e CMD - (para diminuir) Nossas Lojas Como Comprar Seguros Pão de Açúcar Cartões Pão de Açúcar Pão de Açúcar Mais 0 Digite o que você quer encontrar BUSCAR Entrar 0 Ver todas categorias Ofertas 🤑 Vinhos 🍷 Cerveja 🍻 Saudáveis 🥦 Meu Desconto 📲 Meus Favoritos 💚 Minha Lista Home Alimentos Básico da Despensa Leites Leite Integral Leite Longa Vida Integral ITALAC 1 Litro Cód.: 4426370 R$ 6,19 Leve 6 Pague 5 Comprar Faça sua primeira compra online com cupom NOVO30 Para compras acima de R$199,00 Copiar Cupom Calcular o frete e prazo: OK Leite Longa Vida Integral ITALAC 1 Litro R$ 6,19 Comprar Veja também R$ 6,39 Leve 6 Pague 5 Leite UHT Integral Parmalat Garrafa 1 Litro R$ 6,69 Leve 6 Pague 5 Leite UHT Integral Piracanjuba Caixa com tampa 1L R$ 5,39 Leve 6 Pague 5 Leite Longa Vida Integral DÁLIA 1 Litro R$ 10,99 Leve 6 Pague 5 Leite UHT Integral Orgânico Timbaúba Caixa com Tampa 1l R$ 6,19 Leve 6 Pague 5 Leite Longa Vida Integral ITALAC 1 Litro R$ 5,39 Leve 6 Pague 5 Leite UHT Integral Qualitá Caixa com Tampa 1l R$ 6,69 Leve 6 Pague 5 Leite UHT Integral Paulista Caixa com Tampa 1l R$ 5,49 Leve 6 Pague 5 Leite UHT Integral Qualitá Garrafa 1l R$ 5,59 Leve 6 Pague 5 Leite UHT Integral Jussara Caixa com Tampa 1l R$ 5,69 Leve 6 Pague 5 Leite Integral JUSSARA Garrafa 1 Litro R$ 6,29 Leve 6 Pague 5 Leite Longa Vida Integral PARMALAT 1 Litro R$ 5,89 Leve 6 Pague 5 Leite UHT Integral DÁLIA 1 Litro R$ 8,39 Leve 6 Pague 5 Leite NINHO Integral 1L R$ 11,29 Leve 6 Pague 5 Leite Longa Vida Integral LEITÍSSIMO 1 Litro R$ 6",,6.19,,,,unknown,
Especiais,"Especiais Meu Desconto Minha Lista Blog do Pão Perfumaria Orgânicos e Saudáveis Vinhos e Espumantes Cartões Pão de Açúcar Notícias do Pão Qualitá Flores e Presenteáveis Categorias Alimentos Bebidas Limpeza Descartáveis Bebê e Criança Perfumaria PetShop Bazar Caras do Brasil Categorias Categorias Categorias Para aumentar ou reduzir a fonte, utilize os atalhos nativos do seu navegador: No windows CTRL + (para aumentar) e CTRL - (para diminuir) No macOS CMD + (para aumentar) e CMD - (para diminuir) Nossas Lojas Como Comprar Seguros Pão de Açúcar Cartões Pão de Açúcar Pão de Açúcar Mais 0 Digite o que você quer encontrar BUSCAR Entrar 0 Ver todas categorias Ofertas 🤑 Vinhos 🍷 Cerveja 🍻 Saudáveis 🥦 Meu Desconto 📲 Meus Favoritos 💚 Minha Lista Home Alimentos Básico da Despensa Leites Leite Integral +2 Leite NINHO Integral 1L Cód.: 1228723 R$ 8,39 Leve 6 Pague 5 Comprar Faça sua primeira compra online com cupom NOVO30 Para compras acima de R$199,00 Copiar Cupom Calcular o frete e prazo: OK Leite NINHO Integral 1L R$ 8,39 Comprar Veja também R$ 6,39 Leve 6 Pague 5 Leite UHT Integral Parmalat Garrafa 1 Litro R$ 6,69 Leve 6 Pague 5 Leite UHT Integral Piracanjuba Caixa com tampa 1L R$ 5,39 Leve 6 Pague 5 Leite Longa Vida Integral DÁLIA 1 Litro R$ 10,99 Leve 6 Pague 5 Leite UHT Integral Orgânico Timbaúba Caixa com Tampa 1l R$ 6,19 Leve 6 Pague 5 Leite Longa Vida Integral ITALAC 1 Litro R$ 5,39 Leve 6 Pague 5 Leite UHT Integral Qualitá Caixa com Tampa 1l R$ 6,69 Leve 6 Pague 5 Leite UHT Integral Paulista Caixa com Tampa 1l R$ 5,49 Leve 6 Pague 5 Leite UHT Integral Qualitá Garrafa 1l R$ 5,59 Leve 6 Pague 5 Leite UHT Integral Jussara Caixa com Tampa 1l R$ 5,69 Leve 6 Pague 5 Leite Integral JUSSARA Garrafa 1 Litro R$ 6,29 Leve 6 Pague 5 Leite Longa Vida Integral PARMALAT 1 Litro R$ 5,89 Leve 6 Pague 5 Leite UHT Integral DÁLIA 1 Litro R$ 8,39 Leve 6 Pague 5 Leite NINHO Integral 1L R$ 11,29 Leve 6 Pague 5 Leite Longa Vida Integral LEITÍSSIMO 1 Litro R$ 6,39 Leve 6 Pague 5 Leite UHT In",,8.39,,,,unknown,
Especiais,"Especiais Meu Desconto Minha Lista Blog do Pão Perfumaria Orgânicos e Saudáveis Vinhos e Espumantes Cartões Pão de Açúcar Notícias do Pão Qualitá Flores e Presenteáveis Categorias Alimentos Bebidas Limpeza Descartáveis Bebê e Criança Perfumaria PetShop Bazar Caras do Brasil Categorias Categorias Categorias Para aumentar ou reduzir a fonte, utilize os atalhos nativos do seu navegador: No windows CTRL + (para aumentar) e CTRL - (para diminuir) No macOS CMD + (para aumentar) e CMD - (para diminuir) Nossas Lojas Como Comprar Seguros Pão de Açúcar Cartões Pão de Açúcar Pão de Açúcar Mais 0 Digite o que você quer encontrar BUSCAR Entrar 0 Ver todas categorias Ofertas 🤑 Vinhos 🍷 Cerveja 🍻 Saudáveis 🥦 Meu Desconto 📲 Meus Favoritos 💚 Minha Lista Home Alimentos Básico da Despensa Leites Leite Semi-desnatado Leite UHT Desnatado JUSSARA Edge 1 Litro Cód.: 1240185 R$ 6,29 Leve 6 Pague 5 Comprar Faça sua primeira compra online com cupom NOVO30 Para compras acima de R$199,00 Copiar Cupom Calcular o frete e prazo: OK Leite UHT Desnatado JUSSARA Edge 1 Litro R$ 6,29 Comprar Veja também R$ 6,29 Leve 6 Pague 5 Leite UHT Semidesnatado Parmalat Garrafa 1 Litro R$ 7,79 Leve 6 Pague 5 Leite Semi Desnatado NINHO Levinho 1L R$ 5,39 Leve 6 Pague 5 Leite Longa Vida Semidesnatado QUALITÁ 1 Litro R$ 5,69 Leve 6 Pague 5 Leite Longa Vida Semi Desnatado DÁLIA 1 Litro R$ 6,29 Leve 6 Pague 5 Leite UHT Desnatado JUSSARA Edge 1 Litro R$ 6,19 Leve 6 Pague 5 Leite Longa Vida Semidesnatado ITALAC 1 Litro R$ 6,79 Leve 6 Pague 5 Leite UHT Semidesnatado Zero Lactose Paulista Caixa com Tampa 1l R$ 9,19 Leve 6 Pague 5 Leite UHT Tipo A2A2 Semidesnatado Ninho Levinho Forti+ Caixa com Tampa 1l R$ 7,19 Leve 6 Pague 5 Leite UHT Semidesnatado A2 Italac 1L R$ 6,79 Leve 6 Pague 5 Leite UHT Integral Zero Lactose Paulista Caixa com Tampa 1l R$ 6,89 Leve 6 Pague 5 Leite UHT Semidesnatado Paulista Caixa com Tampa 1l R$ 5,69 Leve 6 Pague 5 Leite Semi Desnatado JUSSARA Garrafa 1 Litro R$ 6,79 Leve 6 Pague 5 Leite UHT Semid",,6.29,,,,unknown,
"Este sitio web utiliza cookies propias para optimizar la experiencia de nuestros clientes, analizar estadísticas de navegación del sitio y de terceros para brindar contenidos personalizados de acuerdo","Este sitio web utiliza cookies propias para optimizar la experiencia de nuestros clientes, analizar estadísticas de navegación del sitio y de terceros para brindar contenidos personalizados de acuerdo con sus preferencias. Al dar click en [Aceptar], autoriza el uso de cookies durante su navegación. Para más información, consulte nuestra Política de Cookies en el Aviso de Privacidad . Aceptar Supermercado Despensa Cafe y te Café Molido Blasón Gourmet Americano 400g Blasón Café Molido Blasón Gourmet Americano 400g Café Molido Blasón Gourmet Americano 400g Referencia : 3202009 Información Café molido y tostado ideal para cafetera, prensa francesa, italiana o cualquier método de filtración. Disfruta del sabor gourmet del café americano Blasón. Las imágenes del producto son únicamente de referencia, el diseño de etiquetas y el contenido (ml, L, Kg, g, piezas, etc) pueden cambiar y/o variar sin previo aviso. Mostrar más Características Importantes Café Méxicano Tostado Molido 100% Arabica Comparte Vendido y entregado por: Chedraui $150.00 $176.00 Agregar Descripción Especificaciones Él café molido y tostado americano Blasón tiene un tueste y molienda regular que le dan un rico aroma que combina con su sabor lleno y de excelente cuerpo. Disfruta de un trabajo hecho con pasión, en una taza de Café Blasón. - Mezcla de cafés de la región Pluma, Oaxaca 100% Arábica - Dulzor abundante, amargo sutil con notas a frutas maduras Productos relacionados Café Molido Blasón Gourmet Americano 900g Blasón $0.00 1 pieza de 900g Combo Cantidad Máxima Equivale a ≈1 pza 3x2 Café Molido Blasón gourmet Descafeinado 400g Blasón $0.00 1 pieza de 400g Combo Cantidad Máxima Equivale a ≈1 pza 3x2 Café Molido Blasón Gourmet Espresso 400g Blasón $0.00 1 pieza de 400g Combo Cantidad Máxima Equivale a ≈1 pza 3x2 Café Molido Blasón Gourmet Americano de 200g Blasón $0.00 Combo Cantidad Máxima Equivale a ≈1 pza 3x2 Café Blasón Americano 400g + Café Mezcla de la Casa 400g Blasón $0.00 Combo Cantidad Máxima",,15000,,,,unknown,
Especiais,"Especiais Meu Desconto Minha Lista Blog do Pão Perfumaria Orgânicos e Saudáveis Vinhos e Espumantes Cartões Pão de Açúcar Notícias do Pão Qualitá Flores e Presenteáveis Categorias Alimentos Bebidas Limpeza Descartáveis Bebê e Criança Perfumaria PetShop Bazar Caras do Brasil Categorias Categorias Categorias Para aumentar ou reduzir a fonte, utilize os atalhos nativos do seu navegador: No windows CTRL + (para aumentar) e CTRL - (para diminuir) No macOS CMD + (para aumentar) e CMD - (para diminuir) Nossas Lojas Como Comprar Seguros Pão de Açúcar Cartões Pão de Açúcar Pão de Açúcar Mais 0 Digite o que você quer encontrar BUSCAR Entrar 0 Ver todas categorias Ofertas 🤑 Vinhos 🍷 Cerveja 🍻 Saudáveis 🥦 Meu Desconto 📲 Meus Favoritos 💚 Minha Lista Home Bebidas Cervejas Cervejas Premium Cerveja Premium Nacional Cerveja Heineken Lata Sleek 350ml Cód.: 1376389 R$ 5,59 R$ 5,99 -6% Comprar Faça sua primeira compra online com cupom NOVO30 Para compras acima de R$199,00 Copiar Cupom Calcular o frete e prazo: OK Cerveja Heineken Lata Sleek 350ml R$ 5,59 Comprar Veja também R$ 4,99 Cerveja Lager Puro Malte Amstel Garrafa 355ml R$ 5,79 Cerveja Munich Helles Puro Malte Spaten Garrafa 330ml R$ 6,79 Cerveja Puro Malte Pure Gold Stella Artois Garrafa 330ml R$ 4,99 Cerveja Extra Pilsen Corona Lata 269ml R$ 3,89 Cerveja Munich Helles Puro Malte Spaten Lata 269ml R$ 7,49 Cerveja Sem Álcool Corona Cero Sunbrew 330ml R$ 5,39 Cerveja Pilsen Puro Malte Unfiltered Eisenbahn Lata 350ml R$ 6,29 Cerveja Pilsen Zero Álcool Sol Garrafa 330ml R$ 7,49 Cerveja Praya Lager 355ml R$ 4,79 Cerveja Heineken Zero Lata 269ml R$ 5,39 Cerveja Pilsen Puro Malte Unfiltered Eisenbahn Garrafa 355ml R$ 5,59 -6% R$ 5,99 Cerveja Heineken Zero Lata Sleek 350ml R$ 5,59 -6% R$ 5,99 Cerveja Heineken Lata Sleek 350ml R$ 4,19 -12% R$ 4,79 Cerveja Lager Puro Malte Heineken Lata 269ml R$ 4,49 Cerveja Puro Malte Pure Gold sem Glúten Stella Artois Lata 269ml R$ 4,99 Cerveja Lager Puro Malte Amstel Garrafa 355ml R$ 5,79 Cerveja Muni",,5.59,,,,unknown,
Especiais,"Especiais Meu Desconto Minha Lista Blog do Pão Perfumaria Orgânicos e Saudáveis Vinhos e Espumantes Cartões Pão de Açúcar Notícias do Pão Qualitá Flores e Presenteáveis Categorias Alimentos Bebidas Limpeza Descartáveis Bebê e Criança Perfumaria PetShop Bazar Caras do Brasil Categorias Categorias Categorias Para aumentar ou reduzir a fonte, utilize os atalhos nativos do seu navegador: No windows CTRL + (para aumentar) e CTRL - (para diminuir) No macOS CMD + (para aumentar) e CMD - (para diminuir) Nossas Lojas Como Comprar Seguros Pão de Açúcar Cartões Pão de Açúcar Pão de Açúcar Mais 0 Digite o que você quer encontrar BUSCAR Entrar 0 Ver todas categorias Ofertas 🤑 Vinhos 🍷 Cerveja 🍻 Saudáveis 🥦 Meu Desconto 📲 Meus Favoritos 💚 Minha Lista 0 Home Bebidas Cervejas Cervejas Premium Cerveja Premium Nacional Cerveja Pilsen Corona Garrafa 330ml Cód.: 1208502 Ops :( No momento não temos esse produto em estoque Indisponível Cerveja Pilsen Corona Garrafa 330ml Indisponível Veja também R$ 4,99 Cerveja Lager Puro Malte Amstel Garrafa 355ml R$ 5,79 Cerveja Munich Helles Puro Malte Spaten Garrafa 330ml R$ 6,79 Cerveja Puro Malte Pure Gold Stella Artois Garrafa 330ml R$ 4,99 Cerveja Extra Pilsen Corona Lata 269ml R$ 3,89 Cerveja Munich Helles Puro Malte Spaten Lata 269ml R$ 7,49 Cerveja Sem Álcool Corona Cero Sunbrew 330ml R$ 5,39 Cerveja Pilsen Puro Malte Unfiltered Eisenbahn Lata 350ml R$ 6,29 Cerveja Pilsen Zero Álcool Sol Garrafa 330ml R$ 7,49 Cerveja Praya Lager 355ml R$ 4,79 Cerveja Heineken Zero Lata 269ml R$ 5,39 Cerveja Pilsen Puro Malte Unfiltered Eisenbahn Garrafa 355ml R$ 5,59 -6% R$ 5,99 Cerveja Heineken Zero Lata Sleek 350ml R$ 5,59 -6% R$ 5,99 Cerveja Heineken Lata Sleek 350ml R$ 4,19 -12% R$ 4,79 Cerveja Lager Puro Malte Heineken Lata 269ml R$ 4,49 Cerveja Puro Malte Pure Gold sem Glúten Stella Artois Lata 269ml R$ 4,99 Cerveja Lager Puro Malte Amstel Garrafa 355ml R$ 5,79 Cerveja Munich Helles Puro Malte Spaten Garrafa 330ml R$ 6,79 Cerveja Puro Malte Pure Gold Ste",,4.99,,,,unknown,
Especiais,"Especiais Meu Desconto Minha Lista Blog do Pão Perfumaria Orgânicos e Saudáveis Vinhos e Espumantes Cartões Pão de Açúcar Notícias do Pão Qualitá Flores e Presenteáveis Categorias Alimentos Bebidas Limpeza Descartáveis Bebê e Criança Perfumaria PetShop Bazar Caras do Brasil Categorias Categorias Categorias Para aumentar ou reduzir a fonte, utilize os atalhos nativos do seu navegador: No windows CTRL + (para aumentar) e CTRL - (para diminuir) No macOS CMD + (para aumentar) e CMD - (para diminuir) Nossas Lojas Como Comprar Seguros Pão de Açúcar Cartões Pão de Açúcar Pão de Açúcar Mais 0 Digite o que você quer encontrar BUSCAR Entrar 0 Ver todas categorias Ofertas 🤑 Vinhos 🍷 Cerveja 🍻 Saudáveis 🥦 Meu Desconto 📲 Meus Favoritos 💚 Minha Lista Home Bebidas Cervejas Cervejas Premium Cerveja Premium Nacional Cerveja Lager Puro Malte Amstel Lata 269ml Cód.: 1101246 R$ 3,39 Preço por 1L - R$ 12,60 Comprar Faça sua primeira compra online com cupom NOVO30 Para compras acima de R$199,00 Copiar Cupom Calcular o frete e prazo: OK Cerveja Lager Puro Malte Amstel Lata 269ml R$ 3,39 Comprar Veja também R$ 4,99 Cerveja Lager Puro Malte Amstel Garrafa 355ml R$ 5,79 Cerveja Munich Helles Puro Malte Spaten Garrafa 330ml R$ 6,79 Cerveja Puro Malte Pure Gold Stella Artois Garrafa 330ml R$ 4,99 Cerveja Extra Pilsen Corona Lata 269ml R$ 3,89 Cerveja Munich Helles Puro Malte Spaten Lata 269ml R$ 7,49 Cerveja Sem Álcool Corona Cero Sunbrew 330ml R$ 5,39 Cerveja Pilsen Puro Malte Unfiltered Eisenbahn Lata 350ml R$ 6,29 Cerveja Pilsen Zero Álcool Sol Garrafa 330ml R$ 7,49 Cerveja Praya Lager 355ml R$ 4,79 Cerveja Heineken Zero Lata 269ml R$ 5,39 Cerveja Pilsen Puro Malte Unfiltered Eisenbahn Garrafa 355ml R$ 5,59 -6% R$ 5,99 Cerveja Heineken Zero Lata Sleek 350ml R$ 5,59 -6% R$ 5,99 Cerveja Heineken Lata Sleek 350ml R$ 4,19 -12% R$ 4,79 Cerveja Lager Puro Malte Heineken Lata 269ml R$ 4,49 Cerveja Puro Malte Pure Gold sem Glúten Stella Artois Lata 269ml R$ 4,99 Cerveja Lager Puro Malte Amstel Garr",,3.39,,,,unknown,
Especiais,"Especiais Meu Desconto Minha Lista Blog do Pão Perfumaria Orgânicos e Saudáveis Vinhos e Espumantes Cartões Pão de Açúcar Notícias do Pão Qualitá Flores e Presenteáveis Categorias Alimentos Bebidas Limpeza Descartáveis Bebê e Criança Perfumaria PetShop Bazar Caras do Brasil Categorias Categorias Categorias Para aumentar ou reduzir a fonte, utilize os atalhos nativos do seu navegador: No windows CTRL + (para aumentar) e CTRL - (para diminuir) No macOS CMD + (para aumentar) e CMD - (para diminuir) Nossas Lojas Como Comprar Seguros Pão de Açúcar Cartões Pão de Açúcar Pão de Açúcar Mais 0 Digite o que você quer encontrar BUSCAR Entrar 0 Ver todas categorias Ofertas 🤑 Vinhos 🍷 Cerveja 🍻 Saudáveis 🥦 Meu Desconto 📲 Meus Favoritos 💚 Minha Lista Não encontramos o que você procurava. O recurso que você está tentando acessar foi removido, teve o nome alterado ou encontra-se temporariamente indisponível. Voltar para a home baixe o app Institucional Quem somos Trabalhe Conosco Política de Privacidade e Termos de Uso Termos Buscados Heineken Vinhos Cervejas Fraldas Categorias Alimentos Bebidas Limpeza Descartáveis Bebê e Criança Perfumaria PetShop Bazar Caras do Brasil Mapa do site Mapa de categorias Mapa de produtos Mapa de lojas Central de Atendimento 0800 779 6761 Meus Pedidos Encontre uma Loja Formas de Pagamento Trocas e devoluções Dúvidas Frequentes Nossos canais facebook instagram tiktok whatsapp youtube x A VENDA E O CONSUMO DE BEBIDAS ALCOÓLICAS SÃO PROIBIDOS PARA MENORES DE 18 ANOS. BEBIDA ALCOÓLICA PODE CAUSAR DEPENDÊNCIA QUÍMICA E, EM EXCESSO, PROVOCA GRAVES MALES À SAÚDE. BEBA COM MODERAÇÃO. Preços, ofertas e condições exclusivas para internet e válidos durante o dia de hoje, podendo sofrer alterações sem prévia notificação. No caso de faltar algum produto, este não será entregue e o valor correspondente não será cobrado. Cia. Brasileira de Distribuição / CNPJ: 47508411/0001-56 / Av. Brigadeiro Luís Antônio, 3142, CEP: 01402-901 - São Paulo - SP Utilizamos cookies pa",,,,,,unknown,
Especiais,"Especiais Meu Desconto Minha Lista Blog do Pão Perfumaria Orgânicos e Saudáveis Vinhos e Espumantes Cartões Pão de Açúcar Notícias do Pão Qualitá Flores e Presenteáveis Categorias Alimentos Bebidas Limpeza Descartáveis Bebê e Criança Perfumaria PetShop Bazar Caras do Brasil Categorias Categorias Categorias Para aumentar ou reduzir a fonte, utilize os atalhos nativos do seu navegador: No windows CTRL + (para aumentar) e CTRL - (para diminuir) No macOS CMD + (para aumentar) e CMD - (para diminuir) Nossas Lojas Como Comprar Seguros Pão de Açúcar Cartões Pão de Açúcar Pão de Açúcar Mais 0 Digite o que você quer encontrar BUSCAR Entrar 0 Ver todas categorias Ofertas 🤑 Vinhos 🍷 Cerveja 🍻 Saudáveis 🥦 Meu Desconto 📲 Meus Favoritos 💚 Minha Lista Home Bebidas Cervejas Cervejas Escura Cerveja Escura Nacional Cerveja Malzbier Brahma Lata 350ml Cód.: 1439984 R$ 5,19 Preço por 1L - R$ 14,82 Comprar Faça sua primeira compra online com cupom NOVO30 Para compras acima de R$199,00 Copiar Cupom Calcular o frete e prazo: OK Cerveja Malzbier Brahma Lata 350ml R$ 5,19 Comprar Veja também R$ 4,79 Cerveja Malzbier Itaipava Lata 350ml R$ 5,19 Cerveja Malzbier Brahma Lata 350ml Descrição do produto Mais encorpada e com um sabor levemente adocicado, Brahma Malzbier Lata 350ml é saborosa e ideal para estar presente nas mais diversas ocasiões. Aprecie com moderação. Elaboração Volume 350ml Tipo Cerveja escura Informações Adicionais Corante Natural Glúten Contém Sem Álcool 68771 Cevada Contém Possui Informações Nutricionais Não Produto Light Não Produto Orgânico Não Produto Vegano Não Característica Geral Cor Branco Marca Brahma Ingredientes Água, malte, cereais não malteados, carboidratos e lúpulo, corante: caramelo III INS 150C. Altura (cm) 12.4 Largura (cm) 6.68 Conteúdo Líquido 350 Conversão Unidade 8 Cor da Cerveja Escura Informações de Conservação Não congelar. Evitar o choque físico. Peso Bruto 381.14 Nome da Medida Principal Conteúdo LiquidoConteúdo Liquido Profundidade (cm) 6.68 Quantid",,5.19,,,,unknown,
Especiais,"Especiais Meu Desconto Minha Lista Blog do Pão Perfumaria Orgânicos e Saudáveis Vinhos e Espumantes Cartões Pão de Açúcar Notícias do Pão Qualitá Flores e Presenteáveis Categorias Alimentos Bebidas Limpeza Descartáveis Bebê e Criança Perfumaria PetShop Bazar Caras do Brasil Categorias Categorias Categorias Para aumentar ou reduzir a fonte, utilize os atalhos nativos do seu navegador: No windows CTRL + (para aumentar) e CTRL - (para diminuir) No macOS CMD + (para aumentar) e CMD - (para diminuir) Nossas Lojas Como Comprar Seguros Pão de Açúcar Cartões Pão de Açúcar Pão de Açúcar Mais 0 Digite o que você quer encontrar BUSCAR Entrar 0 Ver todas categorias Ofertas 🤑 Vinhos 🍷 Cerveja 🍻 Saudáveis 🥦 Meu Desconto 📲 Meus Favoritos 💚 Minha Lista Não encontramos o que você procurava. O recurso que você está tentando acessar foi removido, teve o nome alterado ou encontra-se temporariamente indisponível. Voltar para a home baixe o app Institucional Quem somos Trabalhe Conosco Política de Privacidade e Termos de Uso Termos Buscados Heineken Vinhos Cervejas Fraldas Categorias Alimentos Bebidas Limpeza Descartáveis Bebê e Criança Perfumaria PetShop Bazar Caras do Brasil Mapa do site Mapa de categorias Mapa de produtos Mapa de lojas Central de Atendimento 0800 779 6761 Meus Pedidos Encontre uma Loja Formas de Pagamento Trocas e devoluções Dúvidas Frequentes Nossos canais facebook instagram tiktok whatsapp youtube x A VENDA E O CONSUMO DE BEBIDAS ALCOÓLICAS SÃO PROIBIDOS PARA MENORES DE 18 ANOS. BEBIDA ALCOÓLICA PODE CAUSAR DEPENDÊNCIA QUÍMICA E, EM EXCESSO, PROVOCA GRAVES MALES À SAÚDE. BEBA COM MODERAÇÃO. Preços, ofertas e condições exclusivas para internet e válidos durante o dia de hoje, podendo sofrer alterações sem prévia notificação. No caso de faltar algum produto, este não será entregue e o valor correspondente não será cobrado. Cia. Brasileira de Distribuição / CNPJ: 47508411/0001-56 / Av. Brigadeiro Luís Antônio, 3142, CEP: 01402-901 - São Paulo - SP Utilizamos cookies pa",,,,,,unknown,
Especiais,"Especiais Meu Desconto Minha Lista Blog do Pão Perfumaria Orgânicos e Saudáveis Vinhos e Espumantes Cartões Pão de Açúcar Notícias do Pão Qualitá Flores e Presenteáveis Categorias Alimentos Bebidas Limpeza Descartáveis Bebê e Criança Perfumaria PetShop Bazar Caras do Brasil Categorias Categorias Categorias Para aumentar ou reduzir a fonte, utilize os atalhos nativos do seu navegador: No windows CTRL + (para aumentar) e CTRL - (para diminuir) No macOS CMD + (para aumentar) e CMD - (para diminuir) Nossas Lojas Como Comprar Seguros Pão de Açúcar Cartões Pão de Açúcar Pão de Açúcar Mais 0 Digite o que você quer encontrar BUSCAR Entrar 0 Ver todas categorias Ofertas 🤑 Vinhos 🍷 Cerveja 🍻 Saudáveis 🥦 Meu Desconto 📲 Meus Favoritos 💚 Minha Lista Home Alimentos Açougue Carnes Carne Aves Sobrecoxas Temperadas Já pro Forno Swift 800g Cód.: 1311335 R$ 15,90 Preço por 100g - R$ 1,98 Comprar Faça sua primeira compra online com cupom NOVO30 Para compras acima de R$199,00 Copiar Cupom Calcular o frete e prazo: OK Sobrecoxas Temperadas Já pro Forno Swift 800g R$ 15,90 Comprar Veja também R$ 28,90 Medalhão de Filé de Frango com Bacon Swift 500g R$ 52,72 -20% R$ 65,90 Peito de Pato Congelado Villa Germania 400g R$ 40,90 Isca de Filé de Avestruz 500 g R$ 22,49 Sobrecoxa de Frango Congelada Temperada Sadia Bio Fácil! 800g R$ 26,50 Filé de Coxa e Sobrecoxa de Frango Congelado Temperado Limão e Ervas sem Osso Seara Gourmet 800g R$ 34,90 Meio da Asa Molho Barbecue Swift 800g R$ 89,04 -15% R$ 104,75 Frango Inteiro Orgânico Congelado 2,5kg Peso variável R$ 19,90 Carne Moída de Avestruz Congelado 500g R$ 22,53 -15% R$ 26,50 Coxa com Sobrecoxa de Frango Congelada sem Osso Korin Sustentável Livre de Transgênicos 600g R$ 47,50 Medalhão de Avestruz Congelado 300g R$ 63,78 Frango Resfriado Korin Boa Pedida 2,2Kg Peso variável R$ 19,90 Filé de Peito de Frango Congelado Temperado Swift 800g R$ 22,32 -20% R$ 27,90 Meio Das Asas Premium Aurora 800g R$ 24,90 Meio da Asa de Frango Congelado Swift 1kg R$ ",,15.90,,,,unknown,
Especiais,"Especiais Meu Desconto Minha Lista Blog do Pão Perfumaria Orgânicos e Saudáveis Vinhos e Espumantes Cartões Pão de Açúcar Notícias do Pão Qualitá Flores e Presenteáveis Categorias Alimentos Bebidas Limpeza Descartáveis Bebê e Criança Perfumaria PetShop Bazar Caras do Brasil Categorias Categorias Categorias Para aumentar ou reduzir a fonte, utilize os atalhos nativos do seu navegador: No windows CTRL + (para aumentar) e CTRL - (para diminuir) No macOS CMD + (para aumentar) e CMD - (para diminuir) Nossas Lojas Como Comprar Seguros Pão de Açúcar Cartões Pão de Açúcar Pão de Açúcar Mais 0 Digite o que você quer encontrar BUSCAR Entrar 0 Ver todas categorias Ofertas 🤑 Vinhos 🍷 Cerveja 🍻 Saudáveis 🥦 Meu Desconto 📲 Meus Favoritos 💚 Minha Lista Home Alimentos Açougue Carnes Carne Aves Frango Resfriado Korin Boa Pedida 2,2Kg Cód.: 0771283 R$ 28,99 /Kg Preço por 1kg - R$ 28,99 Comprar Produto de peso variável Preço estimado que pode ser ajustado em até 50% após a pesagem final. Essa diferença será cobrada ou estornada, conforme necessário. Faça sua primeira compra online com cupom NOVO30 Para compras acima de R$199,00 Copiar Cupom Calcular o frete e prazo: OK Frango Resfriado Korin Boa Pedida 2,2Kg R$ 63,78 Comprar Veja também R$ 28,90 Medalhão de Filé de Frango com Bacon Swift 500g R$ 52,72 -20% R$ 65,90 Peito de Pato Congelado Villa Germania 400g R$ 40,90 Isca de Filé de Avestruz 500 g R$ 22,49 Sobrecoxa de Frango Congelada Temperada Sadia Bio Fácil! 800g R$ 26,50 Filé de Coxa e Sobrecoxa de Frango Congelado Temperado Limão e Ervas sem Osso Seara Gourmet 800g R$ 34,90 Meio da Asa Molho Barbecue Swift 800g R$ 89,04 -15% R$ 104,75 Frango Inteiro Orgânico Congelado 2,5kg Peso variável R$ 19,90 Carne Moída de Avestruz Congelado 500g R$ 22,53 -15% R$ 26,50 Coxa com Sobrecoxa de Frango Congelada sem Osso Korin Sustentável Livre de Transgênicos 600g R$ 47,50 Medalhão de Avestruz Congelado 300g R$ 63,78 Frango Resfriado Korin Boa Pedida 2,2Kg Peso variável R$ 19,90 Filé de Peito de",,28.99,,,,unknown,
Especiais,"Especiais Meu Desconto Minha Lista Blog do Pão Perfumaria Orgânicos e Saudáveis Vinhos e Espumantes Cartões Pão de Açúcar Notícias do Pão Qualitá Flores e Presenteáveis Categorias Alimentos Bebidas Limpeza Descartáveis Bebê e Criança Perfumaria PetShop Bazar Caras do Brasil Categorias Categorias Categorias Para aumentar ou reduzir a fonte, utilize os atalhos nativos do seu navegador: No windows CTRL + (para aumentar) e CTRL - (para diminuir) No macOS CMD + (para aumentar) e CMD - (para diminuir) Nossas Lojas Como Comprar Seguros Pão de Açúcar Cartões Pão de Açúcar Pão de Açúcar Mais 0 Digite o que você quer encontrar BUSCAR Entrar 0 Ver todas categorias Ofertas 🤑 Vinhos 🍷 Cerveja 🍻 Saudáveis 🥦 Meu Desconto 📲 Meus Favoritos 💚 Minha Lista Home Alimentos Açougue Carnes Carne Aves Filezinho de Frango Empanado Congelado COPACOL 700g Cód.: 1475487 R$ 33,99 Preço por 1kg - R$ 33,99 Comprar Faça sua primeira compra online com cupom NOVO30 Para compras acima de R$199,00 Copiar Cupom Calcular o frete e prazo: OK Filezinho de Frango Empanado Congelado COPACOL 700g R$ 33,99 Comprar Veja também R$ 28,90 Medalhão de Filé de Frango com Bacon Swift 500g R$ 52,72 -20% R$ 65,90 Peito de Pato Congelado Villa Germania 400g R$ 40,90 Isca de Filé de Avestruz 500 g R$ 22,49 Sobrecoxa de Frango Congelada Temperada Sadia Bio Fácil! 800g R$ 26,50 Filé de Coxa e Sobrecoxa de Frango Congelado Temperado Limão e Ervas sem Osso Seara Gourmet 800g R$ 34,90 Meio da Asa Molho Barbecue Swift 800g R$ 89,04 -15% R$ 104,75 Frango Inteiro Orgânico Congelado 2,5kg Peso variável R$ 19,90 Carne Moída de Avestruz Congelado 500g R$ 22,53 -15% R$ 26,50 Coxa com Sobrecoxa de Frango Congelada sem Osso Korin Sustentável Livre de Transgênicos 600g R$ 47,50 Medalhão de Avestruz Congelado 300g R$ 63,78 Frango Resfriado Korin Boa Pedida 2,2Kg Peso variável R$ 19,90 Filé de Peito de Frango Congelado Temperado Swift 800g R$ 22,32 -20% R$ 27,90 Meio Das Asas Premium Aurora 800g R$ 24,90 Meio da Asa de Frango Congelado S",,33.99,,,,unknown,
Utilizamos cookies para personalizar anúncios e melhorar sua experiência no site.,"Utilizamos cookies para personalizar anúncios e melhorar sua experiência no site. Ao continuar navegando, você concorda com nossa Política de Privacidade . Continuar Vendas para Selecione uma loja Escolha sua loja favorita: * Entregamos em um raio de até 20km da loja selecionada Escolha uma loja Apucarana - Oswaldo Cruz Campo Mourão Cascavel - Comercial Cascavel - Paraná Curitiba - Champagnat (Entrega: somente pagamento online) Curitiba - Portão Curitiba - Santa Felicidade Curitiba - Tarumã Foz do Iguaçu - JK Foz do Iguaçu - Vila A Ibiporã Londrina - Alphaville Londrina - Brasil Londrina - Duque Londrina - Madre Londrina - Saul (Entrega: somente pagamento online) Maringá - Cerro Azul Maringá - João Paulino Paranavaí Pato Branco - agora é Super Muffato Ponta Grossa São José dos Pinhais Toledo - Parigot Araçatuba Birigui Catanduva Presidente Prudente São José do Rio Preto - Damha São José do Rio Preto - JK Votuporanga começar a comprar Promoções para abastecer a casa toda! PÁGINA NÃO ENCONTRADA Destaques do site Lojas físicas institucional Atendimento Serviços Nosso aplicativo Campanhas SIGA-NOS SAC Segunda a Sexta: 08h às 20h Sábado: 08h às 18h, exceto domingo e feriados. Chama no WhatsApp: 0800 200 8110 ou ligue para 0800 727 9595 Chat online Formas de pagamento SITE SEGURO *Informamos que os preços, ofertas e condições de pagamento são exclusivos para internet válidos para o dia de hoje, podendo sofrer alterações sem aviso prévio. *As ações/promoções do site são destinadas exclusivamente à pessoas físicas, podendo ser realizada uma compra por CPF, não sendo cumulativas. *O pedido será concluído de acordo com a disponibilidade em nosso estoque. Caso ocorra a falta de algum item, este não será entregue e o valor correspondente não será cobrado. O valor total de sua compra poderá ter uma variação de 20% (para mais ou menos) em virtude dos produtos de peso variável. *O valor mínimo para cada pedido é de R$ 20,00. *Para melhor atender nossos clientes, não vendemos por a",,20.00,,,,unknown,
"Este sitio web utiliza cookies propias para optimizar la experiencia de nuestros clientes, analizar estadísticas de navegación del sitio y de terceros para brindar contenidos personalizados de acuerdo","Este sitio web utiliza cookies propias para optimizar la experiencia de nuestros clientes, analizar estadísticas de navegación del sitio y de terceros para brindar contenidos personalizados de acuerdo con sus preferencias. Al dar click en [Aceptar], autoriza el uso de cookies durante su navegación. Para más información, consulte nuestra Política de Cookies en el Aviso de Privacidad . Aceptar Supermercado Despensa Cafe y te Café Garat Americano Molido 340g Garat Café Garat Americano Molido 340g Café Garat Americano Molido 340g Referencia : 3019146 Información Creamos una nueva experiencia, para que las personas puedan disfrutar una taza de café, en la que perciban su aroma, sus componentes, texturas y sabores. Su sabor te inducirá a disfrutarlo por más tiempo, y buscar cualquier excusa para seguir deleitándote. Disfruta de la armonía que se da entre el sabor y la sensación de degustar el café de forma diferente, va a hacer que quieras revivir la experiencia una y otra vez. Las imágenes del producto son únicamente de referencia, el diseño de etiquetas y el contenido (ml, L, Kg, g, piezas, etc) pueden cambiar y/o variar sin previo aviso. Mostrar más Características Importantes Bolsa Resellable Kosher Comparte Vendido y entregado por: Chedraui $150.00 Agregar Descripción Especificaciones Café Garat es el resultado de una cuidadosa selección de granos gourmet de las principales regiones cafetaleras de México: Chiapas, Veracruz y Oaxaca. Su nivel de tueste y molido hacen de este un café con el balance ideal de aroma, sabor y cuerpo, características que lo hacen único. Con el tostado y molido regular en su presentación americano obtendrás eso que necesitas para disfrutar y compartir tu día. Adquiérelo en su presentación de 360g y con su bolsa resellable podrás guardar toda la frescura de Garat, como si recién lo hubieras abierto por primera vez. Productos relacionados Café Garat Americano Grano Entero 454g Garat $0.00 250 g Combo Cantidad Máxima Equivale a ≈1 pza 3x2 Café ",,15000,,,,unknown,
Especiais,"Especiais Meu Desconto Minha Lista Blog do Pão Perfumaria Orgânicos e Saudáveis Vinhos e Espumantes Cartões Pão de Açúcar Notícias do Pão Qualitá Flores e Presenteáveis Categorias Alimentos Bebidas Limpeza Descartáveis Bebê e Criança Perfumaria PetShop Bazar Caras do Brasil Categorias Categorias Categorias Para aumentar ou reduzir a fonte, utilize os atalhos nativos do seu navegador: No windows CTRL + (para aumentar) e CTRL - (para diminuir) No macOS CMD + (para aumentar) e CMD - (para diminuir) Nossas Lojas Como Comprar Seguros Pão de Açúcar Cartões Pão de Açúcar Pão de Açúcar Mais 0 Digite o que você quer encontrar BUSCAR Entrar 0 Ver todas categorias Ofertas 🤑 Vinhos 🍷 Cerveja 🍻 Saudáveis 🥦 Meu Desconto 📲 Meus Favoritos 💚 Minha Lista Home Alimentos Básico da Despensa Açúcar Açúcar Refinado Açúcar Refinado UNIÃO Pacote 1kg Cód.: 0248334 R$ 5,49 Preço por 1kg - R$ 5,49 Comprar Faça sua primeira compra online com cupom NOVO30 Para compras acima de R$199,00 Copiar Cupom Calcular o frete e prazo: OK Açúcar Refinado UNIÃO Pacote 1kg R$ 5,49 Comprar Veja também R$ 54,90 R$5,49 / unidade Açúcar Refinado UNIÃO 1kg - Pacote com 10 Unidades R$ 4,29 Açúcar Refinado CARAVELAS Pacote 1kg R$ 5,49 Açúcar Refinado UNIÃO Pacote 1kg R$ 4,99 Açúcar Refinado DA BARRA Pacote 1kg R$ 6,99 -50% na 2ª unidade R$ 5,24 / unidade Açúcar Refinado Granulado Premium UNIÃO Pacote 1kg R$ 4,49 Açúcar Refinado QUALITÁ Pacote 1Kg R$ 5,99 -50% na 2ª unidade R$ 4,49 / unidade Açúcar Refinado Light UNIÃO Fit Pacote 500g R$ 54,90 R$5,49 / unidade Açúcar Refinado UNIÃO 1kg - Pacote com 10 Unidades R$ 4,29 Açúcar Refinado CARAVELAS Pacote 1kg R$ 5,49 Açúcar Refinado UNIÃO Pacote 1kg R$ 4,99 Açúcar Refinado DA BARRA Pacote 1kg R$ 6,99 -50% na 2ª unidade R$ 5,24 / unidade Açúcar Refinado Granulado Premium UNIÃO Pacote 1kg R$ 4,49 Açúcar Refinado QUALITÁ Pacote 1Kg R$ 5,99 -50% na 2ª unidade R$ 4,49 / unidade Açúcar Refinado Light UNIÃO Fit Pacote 500g R$ 54,90 R$5,49 / unidade Açúcar Refinado UNIÃO 1kg - Pa",,5.49,,,,unknown,
Especiais,"Especiais Meu Desconto Minha Lista Blog do Pão Perfumaria Orgânicos e Saudáveis Vinhos e Espumantes Cartões Pão de Açúcar Notícias do Pão Qualitá Flores e Presenteáveis Categorias Alimentos Bebidas Limpeza Descartáveis Bebê e Criança Perfumaria PetShop Bazar Caras do Brasil Categorias Categorias Categorias Para aumentar ou reduzir a fonte, utilize os atalhos nativos do seu navegador: No windows CTRL + (para aumentar) e CTRL - (para diminuir) No macOS CMD + (para aumentar) e CMD - (para diminuir) Nossas Lojas Como Comprar Seguros Pão de Açúcar Cartões Pão de Açúcar Pão de Açúcar Mais 0 Digite o que você quer encontrar BUSCAR Entrar 0 Ver todas categorias Ofertas 🤑 Vinhos 🍷 Cerveja 🍻 Saudáveis 🥦 Meu Desconto 📲 Meus Favoritos 💚 Minha Lista Home Alimentos Básico da Despensa Açúcar Açúcar Refinado Açúcar Refinado CARAVELAS Pacote 1kg Cód.: 3995600 R$ 4,29 Preço por 1kg - R$ 4,29 Comprar Faça sua primeira compra online com cupom NOVO30 Para compras acima de R$199,00 Copiar Cupom Calcular o frete e prazo: OK Açúcar Refinado CARAVELAS Pacote 1kg R$ 4,29 Comprar Veja também R$ 54,90 R$5,49 / unidade Açúcar Refinado UNIÃO 1kg - Pacote com 10 Unidades R$ 4,29 Açúcar Refinado CARAVELAS Pacote 1kg R$ 5,49 Açúcar Refinado UNIÃO Pacote 1kg R$ 4,99 Açúcar Refinado DA BARRA Pacote 1kg R$ 6,99 -50% na 2ª unidade R$ 5,24 / unidade Açúcar Refinado Granulado Premium UNIÃO Pacote 1kg R$ 4,49 Açúcar Refinado QUALITÁ Pacote 1Kg R$ 5,99 -50% na 2ª unidade R$ 4,49 / unidade Açúcar Refinado Light UNIÃO Fit Pacote 500g R$ 54,90 R$5,49 / unidade Açúcar Refinado UNIÃO 1kg - Pacote com 10 Unidades R$ 4,29 Açúcar Refinado CARAVELAS Pacote 1kg R$ 5,49 Açúcar Refinado UNIÃO Pacote 1kg R$ 4,99 Açúcar Refinado DA BARRA Pacote 1kg R$ 6,99 -50% na 2ª unidade R$ 5,24 / unidade Açúcar Refinado Granulado Premium UNIÃO Pacote 1kg R$ 4,49 Açúcar Refinado QUALITÁ Pacote 1Kg R$ 5,99 -50% na 2ª unidade R$ 4,49 / unidade Açúcar Refinado Light UNIÃO Fit Pacote 500g R$ 54,90 R$5,49 / unidade Açúcar Refinado UNIÃO ",,4.29,,,,unknown,
Especiais,"Especiais Meu Desconto Minha Lista Blog do Pão Perfumaria Orgânicos e Saudáveis Vinhos e Espumantes Cartões Pão de Açúcar Notícias do Pão Qualitá Flores e Presenteáveis Categorias Alimentos Bebidas Limpeza Descartáveis Bebê e Criança Perfumaria PetShop Bazar Caras do Brasil Categorias Categorias Categorias Para aumentar ou reduzir a fonte, utilize os atalhos nativos do seu navegador: No windows CTRL + (para aumentar) e CTRL - (para diminuir) No macOS CMD + (para aumentar) e CMD - (para diminuir) Nossas Lojas Como Comprar Seguros Pão de Açúcar Cartões Pão de Açúcar Pão de Açúcar Mais 0 Digite o que você quer encontrar BUSCAR Entrar 0 Ver todas categorias Ofertas 🤑 Vinhos 🍷 Cerveja 🍻 Saudáveis 🥦 Meu Desconto 📲 Meus Favoritos 💚 Minha Lista Home Alimentos Básico da Despensa Açúcar Açúcar Refinado Açúcar Refinado DA BARRA Pacote 1kg Cód.: 0353472 R$ 4,99 Preço por 1kg - R$ 4,99 Comprar Faça sua primeira compra online com cupom NOVO30 Para compras acima de R$199,00 Copiar Cupom Calcular o frete e prazo: OK Açúcar Refinado DA BARRA Pacote 1kg R$ 4,99 Comprar Veja também R$ 54,90 R$5,49 / unidade Açúcar Refinado UNIÃO 1kg - Pacote com 10 Unidades R$ 4,29 Açúcar Refinado CARAVELAS Pacote 1kg R$ 5,49 Açúcar Refinado UNIÃO Pacote 1kg R$ 4,99 Açúcar Refinado DA BARRA Pacote 1kg R$ 6,99 -50% na 2ª unidade R$ 5,24 / unidade Açúcar Refinado Granulado Premium UNIÃO Pacote 1kg R$ 4,49 Açúcar Refinado QUALITÁ Pacote 1Kg R$ 5,99 -50% na 2ª unidade R$ 4,49 / unidade Açúcar Refinado Light UNIÃO Fit Pacote 500g R$ 54,90 R$5,49 / unidade Açúcar Refinado UNIÃO 1kg - Pacote com 10 Unidades R$ 4,29 Açúcar Refinado CARAVELAS Pacote 1kg R$ 5,49 Açúcar Refinado UNIÃO Pacote 1kg R$ 4,99 Açúcar Refinado DA BARRA Pacote 1kg R$ 6,99 -50% na 2ª unidade R$ 5,24 / unidade Açúcar Refinado Granulado Premium UNIÃO Pacote 1kg R$ 4,49 Açúcar Refinado QUALITÁ Pacote 1Kg R$ 5,99 -50% na 2ª unidade R$ 4,49 / unidade Açúcar Refinado Light UNIÃO Fit Pacote 500g R$ 54,90 R$5,49 / unidade Açúcar Refinado UNIÃO 1k",,4.99,,,,unknown,
Especiais,"Especiais Meu Desconto Minha Lista Blog do Pão Perfumaria Orgânicos e Saudáveis Vinhos e Espumantes Cartões Pão de Açúcar Notícias do Pão Qualitá Flores e Presenteáveis Categorias Alimentos Bebidas Limpeza Descartáveis Bebê e Criança Perfumaria PetShop Bazar Caras do Brasil Categorias Categorias Categorias Para aumentar ou reduzir a fonte, utilize os atalhos nativos do seu navegador: No windows CTRL + (para aumentar) e CTRL - (para diminuir) No macOS CMD + (para aumentar) e CMD - (para diminuir) Nossas Lojas Como Comprar Seguros Pão de Açúcar Cartões Pão de Açúcar Pão de Açúcar Mais 0 Digite o que você quer encontrar BUSCAR Entrar 0 Ver todas categorias Ofertas 🤑 Vinhos 🍷 Cerveja 🍻 Saudáveis 🥦 Meu Desconto 📲 Meus Favoritos 💚 Minha Lista Home Alimentos Básico da Despensa Açúcar Açúcar Orgânico Açúcar Claro Orgânico NATIVE Pacote 1kg Cód.: 3873427 R$ 9,19 Preço por 1kg - R$ 9,19 Comprar Faça sua primeira compra online com cupom NOVO30 Para compras acima de R$199,00 Copiar Cupom Calcular o frete e prazo: OK Açúcar Claro Orgânico NATIVE Pacote 1kg R$ 9,19 Comprar Veja também R$ 13,29 Açúcar Mascavo Orgânico Native Pacote 250g R$ 10,49 Açúcar Orgânico Demerara NATIVE Pacote 1kg R$ 14,49 Açúcar Mascavo Orgânico ORGANIC Pacote 500g R$ 9,89 -50% na 2ª unidade R$ 7,42 / unidade Açúcar Cristal Orgânico UNIÃO Pacote 1kg R$ 7,29 -50% na 2ª unidade R$ 5,47 / unidade Açúcar Orgânico UNIÃO 200g Caixa com 40 Sachês R$ 9,19 Açúcar Claro Orgânico NATIVE Pacote 1kg R$ 5,89 Açúcar Cristal Orgânico Guarani Pacote 1kg R$ 7,99 Açúcar Demerara Orgânico Taeq Pacote 1kg R$ 13,29 Açúcar Mascavo Orgânico Native Pacote 250g R$ 10,49 Açúcar Orgânico Demerara NATIVE Pacote 1kg R$ 14,49 Açúcar Mascavo Orgânico ORGANIC Pacote 500g R$ 9,89 -50% na 2ª unidade R$ 7,42 / unidade Açúcar Cristal Orgânico UNIÃO Pacote 1kg R$ 7,29 -50% na 2ª unidade R$ 5,47 / unidade Açúcar Orgânico UNIÃO 200g Caixa com 40 Sachês R$ 9,19 Açúcar Claro Orgânico NATIVE Pacote 1kg R$ 5,89 Açúcar Cristal Orgânico Guarani Pacote",,9.19,,,,unknown,
Especiais,"Especiais Meu Desconto Minha Lista Blog do Pão Perfumaria Orgânicos e Saudáveis Vinhos e Espumantes Cartões Pão de Açúcar Notícias do Pão Qualitá Flores e Presenteáveis Categorias Alimentos Bebidas Limpeza Descartáveis Bebê e Criança Perfumaria PetShop Bazar Caras do Brasil Categorias Categorias Categorias Para aumentar ou reduzir a fonte, utilize os atalhos nativos do seu navegador: No windows CTRL + (para aumentar) e CTRL - (para diminuir) No macOS CMD + (para aumentar) e CMD - (para diminuir) Nossas Lojas Como Comprar Seguros Pão de Açúcar Cartões Pão de Açúcar Pão de Açúcar Mais 0 Digite o que você quer encontrar BUSCAR Entrar 0 Ver todas categorias Ofertas 🤑 Vinhos 🍷 Cerveja 🍻 Saudáveis 🥦 Meu Desconto 📲 Meus Favoritos 💚 Minha Lista Home Alimentos Básico da Despensa Açúcar Açúcar Orgânico Açúcar Demerara Orgânico Taeq Pacote 1kg Cód.: 1276546 R$ 7,99 Preço por 1kg - R$ 7,99 Comprar Faça sua primeira compra online com cupom NOVO30 Para compras acima de R$199,00 Copiar Cupom Calcular o frete e prazo: OK Açúcar Demerara Orgânico Taeq Pacote 1kg R$ 7,99 Comprar Veja também R$ 13,29 Açúcar Mascavo Orgânico Native Pacote 250g R$ 10,49 Açúcar Orgânico Demerara NATIVE Pacote 1kg R$ 14,49 Açúcar Mascavo Orgânico ORGANIC Pacote 500g R$ 9,89 -50% na 2ª unidade R$ 7,42 / unidade Açúcar Cristal Orgânico UNIÃO Pacote 1kg R$ 7,29 -50% na 2ª unidade R$ 5,47 / unidade Açúcar Orgânico UNIÃO 200g Caixa com 40 Sachês R$ 9,19 Açúcar Claro Orgânico NATIVE Pacote 1kg R$ 5,89 Açúcar Cristal Orgânico Guarani Pacote 1kg R$ 7,99 Açúcar Demerara Orgânico Taeq Pacote 1kg R$ 13,29 Açúcar Mascavo Orgânico Native Pacote 250g R$ 10,49 Açúcar Orgânico Demerara NATIVE Pacote 1kg R$ 14,49 Açúcar Mascavo Orgânico ORGANIC Pacote 500g R$ 9,89 -50% na 2ª unidade R$ 7,42 / unidade Açúcar Cristal Orgânico UNIÃO Pacote 1kg R$ 7,29 -50% na 2ª unidade R$ 5,47 / unidade Açúcar Orgânico UNIÃO 200g Caixa com 40 Sachês R$ 9,19 Açúcar Claro Orgânico NATIVE Pacote 1kg R$ 5,89 Açúcar Cristal Orgânico Guarani Paco",,7.99,,,,unknown,
Especiais,"Especiais Meu Desconto Minha Lista Blog do Pão Perfumaria Orgânicos e Saudáveis Vinhos e Espumantes Cartões Pão de Açúcar Notícias do Pão Qualitá Flores e Presenteáveis Categorias Alimentos Bebidas Limpeza Descartáveis Bebê e Criança Perfumaria PetShop Bazar Caras do Brasil Categorias Categorias Categorias Para aumentar ou reduzir a fonte, utilize os atalhos nativos do seu navegador: No windows CTRL + (para aumentar) e CTRL - (para diminuir) No macOS CMD + (para aumentar) e CMD - (para diminuir) Nossas Lojas Como Comprar Seguros Pão de Açúcar Cartões Pão de Açúcar Pão de Açúcar Mais 0 Digite o que você quer encontrar BUSCAR Entrar 0 Ver todas categorias Ofertas 🤑 Vinhos 🍷 Cerveja 🍻 Saudáveis 🥦 Meu Desconto 📲 Meus Favoritos 💚 Minha Lista Home Alimentos Básico da Despensa Grãos e Cereais Feijão Feijão Rajado CAMIL Pacote 500g Cód.: 0238960 R$ 10,29 Leve 3 Pague 2 R$ 6,86 / unidade Comprar Faça sua primeira compra online com cupom NOVO30 Para compras acima de R$199,00 Copiar Cupom Calcular o frete e prazo: OK Feijão Rajado CAMIL Pacote 500g R$ 10,29 Comprar Veja também R$ 7,79 Feijão Carioca Tipo 1 KICALDO Pacote 1Kg R$ 9,19 Feijão Carioca BROTO LEGAL Pacote 1kg R$ 7,19 Feijão Preto Tipo 1 Kicaldo Pacote 1Kg R$ 9,39 -50% na 2ª unidade R$ 7,04 / unidade Feijão Carioca Pronto CAMIL Caixa 380g R$ 6,99 Leve 3 Pague 2 R$ 4,66 / unidade Feijão Fradinho CAMIL Pacote 500g R$ 8,59 Feijão Rosinha Tipo 1 Broto Legal Pacote 500g R$ 6,99 Feijão Preto Tipo 1 Broto Legal Pacote 1kg R$ 9,19 Feijão Branco em Conserva CAMIL Caixa 380g R$ 13,29 Leve 3 Pague 2 R$ 8,86 / unidade Feijão Bolinha CAMIL Pacote 500g R$ 6,99 Feijão Carioca Tipo 1 Nene Pacote 1kg R$ 6,49 Feijão Preto Tipo 1 Qualitá Pacote 1kg R$ 9,39 -50% na 2ª unidade R$ 7,04 / unidade Feijão Preto Pronto CAMIL Caixa 380g R$ 10,29 Leve 3 Pague 2 R$ 6,86 / unidade Feijão Rajado CAMIL Pacote 500g R$ 6,19 Feijão Fradinho Tipo 1 Urbano Seleção Especial Pacote 500g R$ 7,99 Feijão Branco Tipo 1 Urbano Seleção Especial Pacote 500g R$ 7",,10.29,,,,unknown,
Especiais,"Especiais Meu Desconto Minha Lista Blog do Pão Perfumaria Orgânicos e Saudáveis Vinhos e Espumantes Cartões Pão de Açúcar Notícias do Pão Qualitá Flores e Presenteáveis Categorias Alimentos Bebidas Limpeza Descartáveis Bebê e Criança Perfumaria PetShop Bazar Caras do Brasil Categorias Categorias Categorias Para aumentar ou reduzir a fonte, utilize os atalhos nativos do seu navegador: No windows CTRL + (para aumentar) e CTRL - (para diminuir) No macOS CMD + (para aumentar) e CMD - (para diminuir) Nossas Lojas Como Comprar Seguros Pão de Açúcar Cartões Pão de Açúcar Pão de Açúcar Mais 0 Digite o que você quer encontrar BUSCAR Entrar 0 Ver todas categorias Ofertas 🤑 Vinhos 🍷 Cerveja 🍻 Saudáveis 🥦 Meu Desconto 📲 Meus Favoritos 💚 Minha Lista Home Alimentos Básico da Despensa Grãos e Cereais Feijão Feijao Vermelho Urbano 500g Cód.: 1285726 R$ 7,99 Preço por 100g - R$ 1,59 Comprar Faça sua primeira compra online com cupom NOVO30 Para compras acima de R$199,00 Copiar Cupom Calcular o frete e prazo: OK Feijao Vermelho Urbano 500g R$ 7,99 Comprar Veja também R$ 7,79 Feijão Carioca Tipo 1 KICALDO Pacote 1Kg R$ 9,19 Feijão Carioca BROTO LEGAL Pacote 1kg R$ 7,19 Feijão Preto Tipo 1 Kicaldo Pacote 1Kg R$ 9,39 -50% na 2ª unidade R$ 7,04 / unidade Feijão Carioca Pronto CAMIL Caixa 380g R$ 6,99 Leve 3 Pague 2 R$ 4,66 / unidade Feijão Fradinho CAMIL Pacote 500g R$ 8,59 Feijão Rosinha Tipo 1 Broto Legal Pacote 500g R$ 6,99 Feijão Preto Tipo 1 Broto Legal Pacote 1kg R$ 9,19 Feijão Branco em Conserva CAMIL Caixa 380g R$ 13,29 Leve 3 Pague 2 R$ 8,86 / unidade Feijão Bolinha CAMIL Pacote 500g R$ 6,99 Feijão Carioca Tipo 1 Nene Pacote 1kg R$ 6,49 Feijão Preto Tipo 1 Qualitá Pacote 1kg R$ 9,39 -50% na 2ª unidade R$ 7,04 / unidade Feijão Preto Pronto CAMIL Caixa 380g R$ 10,29 Leve 3 Pague 2 R$ 6,86 / unidade Feijão Rajado CAMIL Pacote 500g R$ 6,19 Feijão Fradinho Tipo 1 Urbano Seleção Especial Pacote 500g R$ 7,99 Feijão Branco Tipo 1 Urbano Seleção Especial Pacote 500g R$ 7,79 Feijão Carioca",,7.99,,,,unknown,
Especiais,"Especiais Meu Desconto Minha Lista Blog do Pão Perfumaria Orgânicos e Saudáveis Vinhos e Espumantes Cartões Pão de Açúcar Notícias do Pão Qualitá Flores e Presenteáveis Categorias Alimentos Bebidas Limpeza Descartáveis Bebê e Criança Perfumaria PetShop Bazar Caras do Brasil Categorias Categorias Categorias Para aumentar ou reduzir a fonte, utilize os atalhos nativos do seu navegador: No windows CTRL + (para aumentar) e CTRL - (para diminuir) No macOS CMD + (para aumentar) e CMD - (para diminuir) Nossas Lojas Como Comprar Seguros Pão de Açúcar Cartões Pão de Açúcar Pão de Açúcar Mais 0 Digite o que você quer encontrar BUSCAR Entrar 0 Ver todas categorias Ofertas 🤑 Vinhos 🍷 Cerveja 🍻 Saudáveis 🥦 Meu Desconto 📲 Meus Favoritos 💚 Minha Lista Home Alimentos Básico da Despensa Grãos e Cereais Feijão Feijão Carioca BROTO LEGAL Pacote 1kg Cód.: 1436365 R$ 9,19 Preço por 1kg - R$ 9,19 Comprar Faça sua primeira compra online com cupom NOVO30 Para compras acima de R$199,00 Copiar Cupom Calcular o frete e prazo: OK Feijão Carioca BROTO LEGAL Pacote 1kg R$ 9,19 Comprar Veja também R$ 7,79 Feijão Carioca Tipo 1 KICALDO Pacote 1Kg R$ 9,19 Feijão Carioca BROTO LEGAL Pacote 1kg R$ 7,19 Feijão Preto Tipo 1 Kicaldo Pacote 1Kg R$ 9,39 -50% na 2ª unidade R$ 7,04 / unidade Feijão Carioca Pronto CAMIL Caixa 380g R$ 6,99 Leve 3 Pague 2 R$ 4,66 / unidade Feijão Fradinho CAMIL Pacote 500g R$ 8,59 Feijão Rosinha Tipo 1 Broto Legal Pacote 500g R$ 6,99 Feijão Preto Tipo 1 Broto Legal Pacote 1kg R$ 9,19 Feijão Branco em Conserva CAMIL Caixa 380g R$ 13,29 Leve 3 Pague 2 R$ 8,86 / unidade Feijão Bolinha CAMIL Pacote 500g R$ 6,99 Feijão Carioca Tipo 1 Nene Pacote 1kg R$ 6,49 Feijão Preto Tipo 1 Qualitá Pacote 1kg R$ 9,39 -50% na 2ª unidade R$ 7,04 / unidade Feijão Preto Pronto CAMIL Caixa 380g R$ 10,29 Leve 3 Pague 2 R$ 6,86 / unidade Feijão Rajado CAMIL Pacote 500g R$ 6,19 Feijão Fradinho Tipo 1 Urbano Seleção Especial Pacote 500g R$ 7,99 Feijão Branco Tipo 1 Urbano Seleção Especial Pacote 500g R$ ",,9.19,,,,unknown,
Especiais,"Especiais Meu Desconto Minha Lista Blog do Pão Perfumaria Orgânicos e Saudáveis Vinhos e Espumantes Cartões Pão de Açúcar Notícias do Pão Qualitá Flores e Presenteáveis Categorias Alimentos Bebidas Limpeza Descartáveis Bebê e Criança Perfumaria PetShop Bazar Caras do Brasil Categorias Categorias Categorias Para aumentar ou reduzir a fonte, utilize os atalhos nativos do seu navegador: No windows CTRL + (para aumentar) e CTRL - (para diminuir) No macOS CMD + (para aumentar) e CMD - (para diminuir) Nossas Lojas Como Comprar Seguros Pão de Açúcar Cartões Pão de Açúcar Pão de Açúcar Mais 0 Digite o que você quer encontrar BUSCAR Entrar 0 Ver todas categorias Ofertas 🤑 Vinhos 🍷 Cerveja 🍻 Saudáveis 🥦 Meu Desconto 📲 Meus Favoritos 💚 Minha Lista Home Alimentos Básico da Despensa Grãos e Cereais Feijão Feijão Carioca Tipo 1 Sabor Máximo Pacote 1kg Cód.: 2153957 R$ 8,39 Preço por 1kg - R$ 8,39 Comprar Faça sua primeira compra online com cupom NOVO30 Para compras acima de R$199,00 Copiar Cupom Calcular o frete e prazo: OK Feijão Carioca Tipo 1 Sabor Máximo Pacote 1kg R$ 8,39 Comprar Veja também R$ 7,79 Feijão Carioca Tipo 1 KICALDO Pacote 1Kg R$ 9,19 Feijão Carioca BROTO LEGAL Pacote 1kg R$ 7,19 Feijão Preto Tipo 1 Kicaldo Pacote 1Kg R$ 9,39 -50% na 2ª unidade R$ 7,04 / unidade Feijão Carioca Pronto CAMIL Caixa 380g R$ 6,99 Leve 3 Pague 2 R$ 4,66 / unidade Feijão Fradinho CAMIL Pacote 500g R$ 8,59 Feijão Rosinha Tipo 1 Broto Legal Pacote 500g R$ 6,99 Feijão Preto Tipo 1 Broto Legal Pacote 1kg R$ 9,19 Feijão Branco em Conserva CAMIL Caixa 380g R$ 13,29 Leve 3 Pague 2 R$ 8,86 / unidade Feijão Bolinha CAMIL Pacote 500g R$ 6,99 Feijão Carioca Tipo 1 Nene Pacote 1kg R$ 6,49 Feijão Preto Tipo 1 Qualitá Pacote 1kg R$ 9,39 -50% na 2ª unidade R$ 7,04 / unidade Feijão Preto Pronto CAMIL Caixa 380g R$ 10,29 Leve 3 Pague 2 R$ 6,86 / unidade Feijão Rajado CAMIL Pacote 500g R$ 6,19 Feijão Fradinho Tipo 1 Urbano Seleção Especial Pacote 500g R$ 7,99 Feijão Branco Tipo 1 Urbano Seleção Especial",,8.39,,,,unknown,
Especiais,"Especiais Meu Desconto Minha Lista Blog do Pão Perfumaria Orgânicos e Saudáveis Vinhos e Espumantes Cartões Pão de Açúcar Notícias do Pão Qualitá Flores e Presenteáveis Categorias Alimentos Bebidas Limpeza Descartáveis Bebê e Criança Perfumaria PetShop Bazar Caras do Brasil Categorias Categorias Categorias Para aumentar ou reduzir a fonte, utilize os atalhos nativos do seu navegador: No windows CTRL + (para aumentar) e CTRL - (para diminuir) No macOS CMD + (para aumentar) e CMD - (para diminuir) Nossas Lojas Como Comprar Seguros Pão de Açúcar Cartões Pão de Açúcar Pão de Açúcar Mais 0 Digite o que você quer encontrar BUSCAR Entrar 0 Ver todas categorias Ofertas 🤑 Vinhos 🍷 Cerveja 🍻 Saudáveis 🥦 Meu Desconto 📲 Meus Favoritos 💚 Minha Lista Home Alimentos Alimentos Refrigerados Frutas, Legumes e Verduras Legumes Refrigerados Feijão Carioca Orgânico Cozido no Vapor VAPZA Caixa 250g Cód.: 1079133 R$ 12,29 Preço por 500g - R$ 24,58 Comprar Faça sua primeira compra online com cupom NOVO30 Para compras acima de R$199,00 Copiar Cupom Calcular o frete e prazo: OK Feijão Carioca Orgânico Cozido no Vapor VAPZA Caixa 250g R$ 12,29 Comprar Veja também R$ 9,69 Pamonha Salgada Natural do Campo Pacote 160g R$ 31,50 Espaguete de Pupunha Cozido no Vapor Vapza Caixa 300g R$ 21,90 Batata Rosti Cozida no Vapor Vapza 400g R$ 7,47 Leve 3 Pague 2 R$ 4,98 / unidade Abobrinha Italiana em Rodelas 250g Peso variável R$ 8,97 Leve 3 Pague 2 R$ 5,98 / unidade Abrobrinha Italiana Fatiada 300g Peso variável R$ 34,69 Carne Suína Desfiada Cozida Vapza 400g R$ 10,49 Pamonha com Coco Natural do Campo 160g R$ 6,99 Leve 3 Pague 2 R$ 4,66 / unidade Beterraba Em Cubos 180g R$ 10,90 Leve 3 Pague 2 R$ 7,27 / unidade Mandioca Higienizada 500g R$ 5,99 Leve 3 Pague 2 R$ 3,99 / unidade Beterraba Ralada 150g Peso variável R$ 5,98 Leve 3 Pague 2 R$ 3,99 / unidade Abobrinha Espaguete Fatiada e Picada 200g Peso variável R$ 7,98 Leve 3 Pague 2 R$ 5,32 / unidade Abobrinha Italiana Para Rechear 200g Peso variável R$ 5,98",,12.29,,,,unknown,
"Este sitio web utiliza cookies propias para optimizar la experiencia de nuestros clientes, analizar estadísticas de navegación del sitio y de terceros para brindar contenidos personalizados de acuerdo","Este sitio web utiliza cookies propias para optimizar la experiencia de nuestros clientes, analizar estadísticas de navegación del sitio y de terceros para brindar contenidos personalizados de acuerdo con sus preferencias. Al dar click en [Aceptar], autoriza el uso de cookies durante su navegación. Para más información, consulte nuestra Política de Cookies en el Aviso de Privacidad . Aceptar Supermercado Lacteos y huevo Huevos Huevo Blanco Bachoco 30 piezas Bachoco Huevo Blanco Bachoco 30 piezas Huevo Blanco Bachoco 30 piezas Referencia : 3101196 Información Huevo Blanco fresco de gallina seleccionado 30 piezas. El complemento e ingrediente imprescindible de las recetas familiares. Ideal para su consumo en cualquier momento del día. *Las imágenes del producto son únicamente de referencia, el diseños de etiquetas y el contenido (ml, L, Kg, g, piezas, etc) pueden cambiar y/o variar sin previo aviso. Mostrar más Características Importantes Fresco Alimento rico en vitaminas Alimento rico en proteínas Fuente de calcio Comparte Vendido y entregado por: Chedraui $106.00 Agregar Descripción Especificaciones Huevo Blanco 30 piezas Bachoco. Huevo fresco de gallina seleccionado. El complemento e ingrediente imprescindible de las recetas familiares. Ideal para su consumo en cualquier momento del día. Alto en proteína. Su sabor y frescura te encantarán. Te sugerimos servirlo en el desayuno, la comida o la cena y disfrutarlos con tus familiares o amigos. Instrucciones para cocinar: Se recomienda su consumo totalmente cocido Método de conservación: Manténgase en un lugar fresco y seco. Productos relacionados Huevo Blanco Bachoco 18 Piezas Bachoco $0.00 1 pieza con 18 ud Combo Cantidad Máxima Equivale a ≈1 pza 3x2 Huevo Crio Blanco Emplayado 30 Piezas Crío $0.00 1 pieza con 30 ud Combo Cantidad Máxima Equivale a ≈1 pza 3x2 Huevo Blanco Dorado Bachoco 30 piezas Bachoco $0.00 30 Piezas Combo Cantidad Máxima Equivale a ≈1 pza 3x2 Huevo Blanco El Calvario 30 Piezas El Calvario $0.00 1 ",,10600,,,,unknown,
Voltar,"Voltar 1 Comprar Preços no Site e App podem ser diferentes das Lojas Físicas. Preços de produtos pesáveis podem sofrer variações de acordo com o peso real do produto. Shipping Postal Code I don't know my Postal Code Description Arroz Branco Oba Bem Querer 1 Kg “Imagem meramente ilustrativa. O produto final pode apresentar variações de cor, tamanho ou modelo” Descrição Arroz Branco Oba Bem Querer 1 Kg “Imagem meramente ilustrativa. O produto final pode apresentar variações de cor, tamanho ou modelo” Tabela Nutricional Aproveite nossas ofertas! Ver tudo SEM GLÚTEN SEM LACTOSE Panqueca Frango Chef Pilli 400g Price: 0 R$ 15,99 R$ 36,99 -57% Saco Para Lixo Repelente Embalixo 50 Litros 30 Uns Price: 0 R$ 19,99 R$ 39,99 -50% Saco Para Lixo Sustentável Embalixo 30 Litros 30 Uns Price: 0 R$ 9,99 R$ 18,99 -47% Mandioca Cozida E Congelada Ecco Premium 1 Kg Price: 0 R$ 12,99 R$ 22,99 -43% Amêndoa Sem Pele Laminada Oba Bem Querer 200 G Price: 0 R$ 19,99 R$ 34,99 -43% Amêndoa Chilena Torrada E Salgada Oba Bem Querer 200 G Price: 0 R$ 19,99 R$ 34,99 -43% Sacos De Polietileno Wyda 3 Kg 100 Uns Price: 0 R$ 9,99 R$ 16,99 -41% Água De Coco Verde Vitcoco 200 Ml Price: 0 R$ 2,99 R$ 4,99 -40% Biscoito Recheado Duplo Chocolate Bauducco 140 G Price: 0 R$ 2,99 R$ 4,99 -40% Hambúrguer De Berinjela Com Linhaça Mr Veggy 400 G Price: 0 R$ 16,99 R$ 27,99 -39% Bolinho De Grão De Bico Falafel Mr Veggy Price: 0 R$ 16,99 R$ 27,99 -39% Bebida Láctea Coco Com Batata Doce Yopro 250ml Price: 0 R$ 7,99 R$ 12,99 -38% Crepe Congelado De Nutella Èze 240g Price: 0 R$ 11,99 R$ 18,99 -37% Crepe Congelado De Peito De Peru Com Catupiry Èze 240g Price: 0 R$ 11,99 R$ 18,99 -37% Crepe Congelado Calabresa Com Catupiry Èze 240g Price: 0 R$ 11,99 R$ 18,99 -37% Crepe Congelado De Doce De Leite Èze 240g Price: 0 R$ 11,99 R$ 18,99 -37% Iogurte Integral Com Açúcar Atilatte 500 G Price: 0 R$ 8,99 R$ 13,99 -36% Azeitona Verde Com Caroço Em Conserva Oba Bem Querer 250g Price: 0 R$ 12,99 R$ 19,99 -35% Fondue De Queijo Holandê",,15.99,,,,unknown,
Voltar,"Voltar 1 Comprar Preços no Site e App podem ser diferentes das Lojas Físicas. Preços de produtos pesáveis podem sofrer variações de acordo com o peso real do produto. Shipping Postal Code I don't know my Postal Code Description Arroz Tipo 1 Prato Fino 2 Kg “Imagem meramente ilustrativa. O produto final pode apresentar variações de cor, tamanho ou modelo” Descrição Arroz Tipo 1 Prato Fino 2 Kg “Imagem meramente ilustrativa. O produto final pode apresentar variações de cor, tamanho ou modelo” Aproveite nossas ofertas! Ver tudo SEM GLÚTEN SEM LACTOSE Panqueca Frango Chef Pilli 400g Price: 0 R$ 15,99 R$ 36,99 -57% Saco Para Lixo Repelente Embalixo 50 Litros 30 Uns Price: 0 R$ 19,99 R$ 39,99 -50% Saco Para Lixo Sustentável Embalixo 30 Litros 30 Uns Price: 0 R$ 9,99 R$ 18,99 -47% Mandioca Cozida E Congelada Ecco Premium 1 Kg Price: 0 R$ 12,99 R$ 22,99 -43% Amêndoa Sem Pele Laminada Oba Bem Querer 200 G Price: 0 R$ 19,99 R$ 34,99 -43% Amêndoa Chilena Torrada E Salgada Oba Bem Querer 200 G Price: 0 R$ 19,99 R$ 34,99 -43% Sacos De Polietileno Wyda 3 Kg 100 Uns Price: 0 R$ 9,99 R$ 16,99 -41% Água De Coco Verde Vitcoco 200 Ml Price: 0 R$ 2,99 R$ 4,99 -40% Biscoito Recheado Duplo Chocolate Bauducco 140 G Price: 0 R$ 2,99 R$ 4,99 -40% Hambúrguer De Berinjela Com Linhaça Mr Veggy 400 G Price: 0 R$ 16,99 R$ 27,99 -39% Bolinho De Grão De Bico Falafel Mr Veggy Price: 0 R$ 16,99 R$ 27,99 -39% Bebida Láctea Coco Com Batata Doce Yopro 250ml Price: 0 R$ 7,99 R$ 12,99 -38% Crepe Congelado De Nutella Èze 240g Price: 0 R$ 11,99 R$ 18,99 -37% Crepe Congelado De Peito De Peru Com Catupiry Èze 240g Price: 0 R$ 11,99 R$ 18,99 -37% Crepe Congelado Calabresa Com Catupiry Èze 240g Price: 0 R$ 11,99 R$ 18,99 -37% Crepe Congelado De Doce De Leite Èze 240g Price: 0 R$ 11,99 R$ 18,99 -37% Iogurte Integral Com Açúcar Atilatte 500 G Price: 0 R$ 8,99 R$ 13,99 -36% Azeitona Verde Com Caroço Em Conserva Oba Bem Querer 250g Price: 0 R$ 12,99 R$ 19,99 -35% Fondue De Queijo Holandês Old Dutch Oba Bem Querer ",,15.99,,,,unknown,
This app could not find url /arroz-camil-1-kg-100004793/p,"This app could not find url /arroz-camil-1-kg-100004793/p Clicando em ""Aceito todos os Cookies"", você concorda com o armazenamento de cookies no seu dispositivo para melhorar a experiência e navegação no site. Preferências Rejeitar Todos Aceitar Todos Preferências de Cookies Política de Privacidade Incidentes Preferências de Cookies Você pode configurar suas preferências de privacidade, verificando e selecionando quais cookies você deseja que este site utilize ou não. Você pode modificar suas preferências de privacidade a qualquer momento. Cookies Necessários Estes cookies são aqueles necessários para o site funcionar e não podem ser desligados em nossos sistemas. Eles geralmente são definidos apenas em resposta às ações feitas por você, como por exemplo, definir suas preferências de privacidade, fazer login ou preencher formulários. Caso queira, pode configurar seu navegador para bloqueá-lo ou alertá-lo sobre esses cookies, mas algumas partes do site podem não funcionar de forma adequada. + Vtex ● VtexRCMacIdv7 Domínio .www.obahortifruti.com.br Duração 13 ano(s) 2 mes(es) 14 dia(s) Tipo Html ● VtexRCSessionIdv7 Domínio .www.obahortifruti.com.br Duração 13 ano(s) 3 mes(es) 20 dia(s) Tipo Html ● VtexRCMacIdv7 Domínio .obahortifruti.com.br Duração 1 mes(es) 28 dia(s) Tipo Html ● VtexRCSessionIdv7 Domínio .obahortifruti.com.br Duração 10 mes(es) Tipo Html + privally.global ● __Secure-Spvll Domínio .api.privally.global Duração 13 ano(s) 2 mes(es) 29 dia(s) Tipo Http Seguro ● __Secure-Spvll Domínio .www.obahortifruti.com.br Duração 13 ano(s) 2 mes(es) 3 dia(s) Tipo Html Seguro ● __Secure-Senv Domínio .api.privally.global Duração 13 ano(s) 3 mes(es) 8 dia(s) Tipo Http Seguro Cookies Analíticos Os cookies analíticos fornecem informações sobre como este site está sendo usado para que possamos melhorar a experiência do usuário. Os dados capturados são agregados e anonimizados. + Google Analytics Termos de Uso Política de Privacidade ● _ga Domínio .obahortifruti.com.br Duraçã",,,,,,unknown,
Voltar,"Voltar 1 Comprar Preços no Site e App podem ser diferentes das Lojas Físicas. Preços de produtos pesáveis podem sofrer variações de acordo com o peso real do produto. Shipping Postal Code I don't know my Postal Code Description Cafe Torrado E Moído Gourmet Mogiana 3 Corações 250 G “Imagem meramente ilustrativa. O produto final pode apresentar variações de cor, tamanho ou modelo” Descrição Cafe Torrado E Moído Gourmet Mogiana 3 Corações 250 G “Imagem meramente ilustrativa. O produto final pode apresentar variações de cor, tamanho ou modelo” Este produto é acelerador da Campanha Selos de Desconto! Na compra de 2 unidades, você recebe 1 selo de desconto extra . Não é necessário que seja do mesmo tipo e/ou sabor. A campanha é válida de 02 de junho a 21 de setembro de 2025, ou enquanto durarem os estoques. Durante esse período, a cada R$ 35,00 em compras no mesmo cupom fiscal, você já garante 1 selo de desconto. E ao incluir 2 unidades deste produto acelerador no seu carrinho, você acumula mais 1 selo de desconto. Comprando pelo site ou aplicativo Oba Hortifruti, os selos serão entregues junto com suas compras, em envelope lacrado. Para garantir o recebimento dos selos, é necessário que você (ou a pessoa que for receber o pedido) assine o protocolo de entrega no momento do recebimento. Clicando em ""Aceito todos os Cookies"", você concorda com o armazenamento de cookies no seu dispositivo para melhorar a experiência e navegação no site. Preferências Rejeitar Todos Aceitar Todos Preferências de Cookies Política de Privacidade Incidentes Preferências de Cookies Você pode configurar suas preferências de privacidade, verificando e selecionando quais cookies você deseja que este site utilize ou não. Você pode modificar suas preferências de privacidade a qualquer momento. Cookies Necessários Estes cookies são aqueles necessários para o site funcionar e não podem ser desligados em nossos sistemas. Eles geralmente são definidos apenas em resposta às ações feitas por você, como por",,35.00,,,,unknown,
Voltar,"Voltar 1 Comprar Preços no Site e App podem ser diferentes das Lojas Físicas. Preços de produtos pesáveis podem sofrer variações de acordo com o peso real do produto. Shipping Postal Code I don't know my Postal Code Description Cafe Coffee Mais Intenso Graos Tor 250g Descrição Cafe Coffee Mais Intenso Graos Tor 250g Ofertas do mês do cliente com até 65% OFF Ver tudo Cebolinha Cristal Conserva Corbalan 305 G Price: 0 R$ 24,99 R$ 29,99 -17% Mini Coxinha De Frango Com Requeijão Croissant & Cia 400 G Price: 0 R$ 16,99 R$ 24,99 -32% SEM GLÚTEN SEM LACTOSE Panqueca Frango Chef Pilli 400g Price: 0 R$ 15,99 R$ 36,99 -57% Esfiha Chocolate Com 4 Unidades Dozza 200g Price: 0 R$ 19,99 R$ 29,99 -33% Iogurte Integral Com Açúcar Atilatte 500 G Price: 0 R$ 8,99 R$ 13,99 -36% Shake Kids Morango Trustfuel Growh Vida Veg 250ml Price: 0 R$ 11,99 R$ 14,99 -20% Queijo Provolone Fatiado Vegetal Vida Veg 150 G Price: 0 R$ 21,99 R$ 24,99 -12% Refrigerante Natural Limao Siciliano Devi 269ml Price: 0 R$ 8,99 R$ 11,99 -25% Refrigerante Natural Devi Laranja 269 Ml Price: 0 R$ 8,99 R$ 11,99 -25% Shake Kids Chocolate Vegano Trustfuel Vida Veg 250ml Price: 0 R$ 11,99 R$ 14,99 -20% Gelatina Abacaxi Gelialgas 210g Price: 0 R$ 9,99 R$ 11,99 -17% Queijo Minas Militão Da Canastra 250g Price: 0 R$ 29,99 R$ 32,99 -9% Macedoine Conserva Importado Daucy 290g Price: 0 R$ 16,99 R$ 19,99 -15% Aspargo Verde Conserva 330g Price: 0 R$ 39,99 R$ 49,99 -20% Berinjela A Provencal Conserva Daucy 380g Price: 0 R$ 26,99 R$ 29,99 -10% Aspargo Branco Conserva Daucy 330g Price: 0 R$ 36,99 R$ 39,99 -8% Kombucha Frutas Vermelhas Devi 269ml Price: 0 R$ 11,99 R$ 15,99 -25% Kombucha Pink Lemonade Devi 269 Ml Price: 0 R$ 11,99 R$ 15,99 -25% Gelatina Uva Gelialgas 210 G Price: 0 R$ 9,99 R$ 11,99 -17% Whey Protein 100% Baunilha Ice Cream Optimum 907 G Price: 0 R$ 299,90 R$ 349,00 -14% Pipoca Doce Fini Beijo Pipo 80 G Price: 0 R$ 16,99 R$ 19,99 -15% Pipoca Doce Fini Dentadura Pipo 80g Price: 0 R$ 16,99 R$ 19,99 -15% Salame Milano ",,24.99,,,,unknown,
Voltar,"Voltar 1 Comprar Preços no Site e App podem ser diferentes das Lojas Físicas. Preços de produtos pesáveis podem sofrer variações de acordo com o peso real do produto. Shipping Postal Code I don't know my Postal Code Description Café Seleções Da Montanha 500 G “Imagem meramente ilustrativa. O produto final pode apresentar variações de cor, tamanho ou modelo” Descrição Café Seleções Da Montanha 500 G “Imagem meramente ilustrativa. O produto final pode apresentar variações de cor, tamanho ou modelo” Ofertas do mês do cliente com até 65% OFF Ver tudo Cebolinha Cristal Conserva Corbalan 305 G Price: 0 R$ 24,99 R$ 29,99 -17% Mini Coxinha De Frango Com Requeijão Croissant & Cia 400 G Price: 0 R$ 16,99 R$ 24,99 -32% SEM GLÚTEN SEM LACTOSE Panqueca Frango Chef Pilli 400g Price: 0 R$ 15,99 R$ 36,99 -57% Esfiha Chocolate Com 4 Unidades Dozza 200g Price: 0 R$ 19,99 R$ 29,99 -33% Iogurte Integral Com Açúcar Atilatte 500 G Price: 0 R$ 8,99 R$ 13,99 -36% Shake Kids Morango Trustfuel Growh Vida Veg 250ml Price: 0 R$ 11,99 R$ 14,99 -20% Queijo Provolone Fatiado Vegetal Vida Veg 150 G Price: 0 R$ 21,99 R$ 24,99 -12% Refrigerante Natural Limao Siciliano Devi 269ml Price: 0 R$ 8,99 R$ 11,99 -25% Refrigerante Natural Devi Laranja 269 Ml Price: 0 R$ 8,99 R$ 11,99 -25% Shake Kids Chocolate Vegano Trustfuel Vida Veg 250ml Price: 0 R$ 11,99 R$ 14,99 -20% Gelatina Abacaxi Gelialgas 210g Price: 0 R$ 9,99 R$ 11,99 -17% Queijo Minas Militão Da Canastra 250g Price: 0 R$ 29,99 R$ 32,99 -9% Macedoine Conserva Importado Daucy 290g Price: 0 R$ 16,99 R$ 19,99 -15% Aspargo Verde Conserva 330g Price: 0 R$ 39,99 R$ 49,99 -20% Berinjela A Provencal Conserva Daucy 380g Price: 0 R$ 26,99 R$ 29,99 -10% Aspargo Branco Conserva Daucy 330g Price: 0 R$ 36,99 R$ 39,99 -8% Kombucha Frutas Vermelhas Devi 269ml Price: 0 R$ 11,99 R$ 15,99 -25% Kombucha Pink Lemonade Devi 269 Ml Price: 0 R$ 11,99 R$ 15,99 -25% Gelatina Uva Gelialgas 210 G Price: 0 R$ 9,99 R$ 11,99 -17% Whey Protein 100% Baunilha Ice Cream Optimum 907",,24.99,,,,unknown,
Voltar,"Voltar 1 Comprar Preços no Site e App podem ser diferentes das Lojas Físicas. Preços de produtos pesáveis podem sofrer variações de acordo com o peso real do produto. Shipping Postal Code I don't know my Postal Code Description Café Torrado E Moído Sachê Drip Coffee Clássico Café Orfeu Com 10 Unidades “Imagem meramente ilustrativa. O produto final pode apresentar variações de cor, tamanho ou modelo” Descrição Café Torrado E Moído Sachê Drip Coffee Clássico Café Orfeu Com 10 Unidades “Imagem meramente ilustrativa. O produto final pode apresentar variações de cor, tamanho ou modelo” Ofertas do mês do cliente com até 65% OFF Ver tudo Cebolinha Cristal Conserva Corbalan 305 G Price: 0 R$ 24,99 R$ 29,99 -17% Mini Coxinha De Frango Com Requeijão Croissant & Cia 400 G Price: 0 R$ 16,99 R$ 24,99 -32% SEM GLÚTEN SEM LACTOSE Panqueca Frango Chef Pilli 400g Price: 0 R$ 15,99 R$ 36,99 -57% Esfiha Chocolate Com 4 Unidades Dozza 200g Price: 0 R$ 19,99 R$ 29,99 -33% Iogurte Integral Com Açúcar Atilatte 500 G Price: 0 R$ 8,99 R$ 13,99 -36% Shake Kids Morango Trustfuel Growh Vida Veg 250ml Price: 0 R$ 11,99 R$ 14,99 -20% Queijo Provolone Fatiado Vegetal Vida Veg 150 G Price: 0 R$ 21,99 R$ 24,99 -12% Refrigerante Natural Limao Siciliano Devi 269ml Price: 0 R$ 8,99 R$ 11,99 -25% Refrigerante Natural Devi Laranja 269 Ml Price: 0 R$ 8,99 R$ 11,99 -25% Shake Kids Chocolate Vegano Trustfuel Vida Veg 250ml Price: 0 R$ 11,99 R$ 14,99 -20% Gelatina Abacaxi Gelialgas 210g Price: 0 R$ 9,99 R$ 11,99 -17% Queijo Minas Militão Da Canastra 250g Price: 0 R$ 29,99 R$ 32,99 -9% Macedoine Conserva Importado Daucy 290g Price: 0 R$ 16,99 R$ 19,99 -15% Aspargo Verde Conserva 330g Price: 0 R$ 39,99 R$ 49,99 -20% Berinjela A Provencal Conserva Daucy 380g Price: 0 R$ 26,99 R$ 29,99 -10% Aspargo Branco Conserva Daucy 330g Price: 0 R$ 36,99 R$ 39,99 -8% Kombucha Frutas Vermelhas Devi 269ml Price: 0 R$ 11,99 R$ 15,99 -25% Kombucha Pink Lemonade Devi 269 Ml Price: 0 R$ 11,99 R$ 15,99 -25% Gelatina Uva Gelialgas",,24.99,,,,unknown,
Voltar,"Voltar 1 Comprar Preços no Site e App podem ser diferentes das Lojas Físicas. Preços de produtos pesáveis podem sofrer variações de acordo com o peso real do produto. Shipping Postal Code I don't know my Postal Code Description Pao Forma 5 Zeros Fonte Fibras Wickbold 400g “Imagem meramente ilustrativa. O produto final pode apresentar variações de cor, tamanho ou modelo” Descrição Pao Forma 5 Zeros Fonte Fibras Wickbold 400g “Imagem meramente ilustrativa. O produto final pode apresentar variações de cor, tamanho ou modelo” Ofertas do mês do cliente com até 65% OFF Ver tudo Cebolinha Cristal Conserva Corbalan 305 G Price: 0 R$ 24,99 R$ 29,99 -17% Mini Coxinha De Frango Com Requeijão Croissant & Cia 400 G Price: 0 R$ 16,99 R$ 24,99 -32% SEM GLÚTEN SEM LACTOSE Panqueca Frango Chef Pilli 400g Price: 0 R$ 15,99 R$ 36,99 -57% Esfiha Chocolate Com 4 Unidades Dozza 200g Price: 0 R$ 19,99 R$ 29,99 -33% Iogurte Integral Com Açúcar Atilatte 500 G Price: 0 R$ 8,99 R$ 13,99 -36% Shake Kids Morango Trustfuel Growh Vida Veg 250ml Price: 0 R$ 11,99 R$ 14,99 -20% Queijo Provolone Fatiado Vegetal Vida Veg 150 G Price: 0 R$ 21,99 R$ 24,99 -12% Refrigerante Natural Limao Siciliano Devi 269ml Price: 0 R$ 8,99 R$ 11,99 -25% Refrigerante Natural Devi Laranja 269 Ml Price: 0 R$ 8,99 R$ 11,99 -25% Shake Kids Chocolate Vegano Trustfuel Vida Veg 250ml Price: 0 R$ 11,99 R$ 14,99 -20% Gelatina Abacaxi Gelialgas 210g Price: 0 R$ 9,99 R$ 11,99 -17% Queijo Minas Militão Da Canastra 250g Price: 0 R$ 29,99 R$ 32,99 -9% Macedoine Conserva Importado Daucy 290g Price: 0 R$ 16,99 R$ 19,99 -15% Aspargo Verde Conserva 330g Price: 0 R$ 39,99 R$ 49,99 -20% Berinjela A Provencal Conserva Daucy 380g Price: 0 R$ 26,99 R$ 29,99 -10% Aspargo Branco Conserva Daucy 330g Price: 0 R$ 36,99 R$ 39,99 -8% Kombucha Frutas Vermelhas Devi 269ml Price: 0 R$ 11,99 R$ 15,99 -25% Kombucha Pink Lemonade Devi 269 Ml Price: 0 R$ 11,99 R$ 15,99 -25% Gelatina Uva Gelialgas 210 G Price: 0 R$ 9,99 R$ 11,99 -17% Whey Protein 100% Baun",,24.99,,,,unknown,
Voltar,"Voltar SEM GLÚTEN 1 Comprar Preços no Site e App podem ser diferentes das Lojas Físicas. Preços de produtos pesáveis podem sofrer variações de acordo com o peso real do produto. Shipping Postal Code I don't know my Postal Code Description Pão De Forma Sem Glúten E Sem Lactose Multigrãos Schar 200 G “Imagem meramente ilustrativa. O produto final pode apresentar variações de cor, tamanho ou modelo” Descrição Pão De Forma Sem Glúten E Sem Lactose Multigrãos Schar 200 G “Imagem meramente ilustrativa. O produto final pode apresentar variações de cor, tamanho ou modelo” Ofertas do mês do cliente com até 65% OFF Ver tudo Cebolinha Cristal Conserva Corbalan 305 G Price: 0 R$ 24,99 R$ 29,99 -17% Mini Coxinha De Frango Com Requeijão Croissant & Cia 400 G Price: 0 R$ 16,99 R$ 24,99 -32% SEM GLÚTEN SEM LACTOSE Panqueca Frango Chef Pilli 400g Price: 0 R$ 15,99 R$ 36,99 -57% Esfiha Chocolate Com 4 Unidades Dozza 200g Price: 0 R$ 19,99 R$ 29,99 -33% Iogurte Integral Com Açúcar Atilatte 500 G Price: 0 R$ 8,99 R$ 13,99 -36% Shake Kids Morango Trustfuel Growh Vida Veg 250ml Price: 0 R$ 11,99 R$ 14,99 -20% Queijo Provolone Fatiado Vegetal Vida Veg 150 G Price: 0 R$ 21,99 R$ 24,99 -12% Refrigerante Natural Limao Siciliano Devi 269ml Price: 0 R$ 8,99 R$ 11,99 -25% Refrigerante Natural Devi Laranja 269 Ml Price: 0 R$ 8,99 R$ 11,99 -25% Shake Kids Chocolate Vegano Trustfuel Vida Veg 250ml Price: 0 R$ 11,99 R$ 14,99 -20% Gelatina Abacaxi Gelialgas 210g Price: 0 R$ 9,99 R$ 11,99 -17% Queijo Minas Militão Da Canastra 250g Price: 0 R$ 29,99 R$ 32,99 -9% Macedoine Conserva Importado Daucy 290g Price: 0 R$ 16,99 R$ 19,99 -15% Aspargo Verde Conserva 330g Price: 0 R$ 39,99 R$ 49,99 -20% Berinjela A Provencal Conserva Daucy 380g Price: 0 R$ 26,99 R$ 29,99 -10% Aspargo Branco Conserva Daucy 330g Price: 0 R$ 36,99 R$ 39,99 -8% Kombucha Frutas Vermelhas Devi 269ml Price: 0 R$ 11,99 R$ 15,99 -25% Kombucha Pink Lemonade Devi 269 Ml Price: 0 R$ 11,99 R$ 15,99 -25% Gelatina Uva Gelialgas 210 G Price: 0 R",,24.99,,,,unknown,
Voltar,"Voltar 1 Comprar Preços no Site e App podem ser diferentes das Lojas Físicas. Preços de produtos pesáveis podem sofrer variações de acordo com o peso real do produto. Shipping Postal Code I don't know my Postal Code Description Pão De Forma Multigrãos Com Fermentação Natural Oba Bem Querer 400 G “Imagem meramente ilustrativa. O produto final pode apresentar variações de cor, tamanho ou modelo” Descrição Pão De Forma Multigrãos Com Fermentação Natural Oba Bem Querer 400 G “Imagem meramente ilustrativa. O produto final pode apresentar variações de cor, tamanho ou modelo” Clicando em ""Aceito todos os Cookies"", você concorda com o armazenamento de cookies no seu dispositivo para melhorar a experiência e navegação no site. Preferências Rejeitar Todos Aceitar Todos Preferências de Cookies Política de Privacidade Incidentes Preferências de Cookies Você pode configurar suas preferências de privacidade, verificando e selecionando quais cookies você deseja que este site utilize ou não. Você pode modificar suas preferências de privacidade a qualquer momento. Cookies Necessários Estes cookies são aqueles necessários para o site funcionar e não podem ser desligados em nossos sistemas. Eles geralmente são definidos apenas em resposta às ações feitas por você, como por exemplo, definir suas preferências de privacidade, fazer login ou preencher formulários. Caso queira, pode configurar seu navegador para bloqueá-lo ou alertá-lo sobre esses cookies, mas algumas partes do site podem não funcionar de forma adequada. + Vtex ● VtexRCMacIdv7 Domínio .www.obahortifruti.com.br Duração 13 ano(s) 2 mes(es) 14 dia(s) Tipo Html ● VtexRCSessionIdv7 Domínio .www.obahortifruti.com.br Duração 13 ano(s) 3 mes(es) 20 dia(s) Tipo Html ● VtexRCMacIdv7 Domínio .obahortifruti.com.br Duração 1 mes(es) 28 dia(s) Tipo Html ● VtexRCSessionIdv7 Domínio .obahortifruti.com.br Duração 10 mes(es) Tipo Html + privally.global ● __Secure-Spvll Domínio .api.privally.global Duração 13 ano(s) 2 mes(es) 29 dia(s) Tipo ",,,,,,unknown,
"Este sitio web utiliza cookies propias para optimizar la experiencia de nuestros clientes, analizar estadísticas de navegación del sitio y de terceros para brindar contenidos personalizados de acuerdo","Este sitio web utiliza cookies propias para optimizar la experiencia de nuestros clientes, analizar estadísticas de navegación del sitio y de terceros para brindar contenidos personalizados de acuerdo con sus preferencias. Al dar click en [Aceptar], autoriza el uso de cookies durante su navegación. Para más información, consulte nuestra Política de Cookies en el Aviso de Privacidad . Aceptar Supermercado Lacteos y huevo Huevos Huevo San Juan Blanco 30 Piezas San Juan ★ ★ ★ ★ ★ (1) Huevo San Juan Blanco 30 Piezas Huevo San Juan Blanco 30 Piezas Referencia : 3101215 Información Huevo San Juan Blanco 30 Piezas *Las imágenes del producto son únicamente de referencia, el diseños de etiquetas y el contenido (ml, L, Kg, g, piezas, etc) pueden cambiar y/o variar sin previo aviso. Mostrar más Características Importantes El único huevo en México con un código de frescura. En tu tienda en menos de 36 horas después de su postura. Comprueba su calidad sin abrir el empaque Cuidamos sus nutrientes desde la alimentación de nuestras gallinas. Comparte Vendido y entregado por: Chedraui $87.50 $88.00 Agregar Descripción Especificaciones Prepara infinidad de postres, desayunos, comidas y cenas con Huevo San Juan, lleva a casa un alimento completo, nutritivo y fresco para tu familia. Productos relacionados Huevo San Juan Blanco 18 Piezas San Juan $0.00 1 pieza con 18 ud Combo Cantidad Máxima Equivale a ≈1 pza 3x2 Huevo San Juan Blanco 12 Piezas San Juan $0.00 1 pieza con 12 ud Combo Cantidad Máxima Equivale a ≈1 pza 3x2 Huevo Blanco El Calvario 30 Piezas El Calvario $0.00 1 pieza con 30 ud Combo Cantidad Máxima Equivale a ≈1 pza 3x2 Huevo Blanco Del Rancho 30 Piezas Del Rancho $0.00 1 pieza con 30 ud Combo Cantidad Máxima Equivale a ≈1 pza 3x2 Huevo Crio Blanco Emplayado 30 Piezas Crío $0.00 1 pieza con 30 ud Combo Cantidad Máxima Equivale a ≈1 pza 3x2 Huevo Blanco El Calvario 18 Piezas El Calvario $0.00 1 pieza con 18 ud Combo Cantidad Máxima Equivale a ≈1 pza 3x2 Huevo Blanco Bachoco ",,8750,,,,unknown,
Voltar,"Voltar 1 Comprar Preços no Site e App podem ser diferentes das Lojas Físicas. Preços de produtos pesáveis podem sofrer variações de acordo com o peso real do produto. Shipping Postal Code I don't know my Postal Code Description Pão De Forma Premium Panco 500 G “Imagem meramente ilustrativa. O produto final pode apresentar variações de cor, tamanho ou modelo” Descrição Pão De Forma Premium Panco 500 G “Imagem meramente ilustrativa. O produto final pode apresentar variações de cor, tamanho ou modelo” Ofertas do mês do cliente com até 65% OFF Ver tudo Cebolinha Cristal Conserva Corbalan 305 G Price: 0 R$ 24,99 R$ 29,99 -17% Mini Coxinha De Frango Com Requeijão Croissant & Cia 400 G Price: 0 R$ 16,99 R$ 24,99 -32% SEM GLÚTEN SEM LACTOSE Panqueca Frango Chef Pilli 400g Price: 0 R$ 15,99 R$ 36,99 -57% Esfiha Chocolate Com 4 Unidades Dozza 200g Price: 0 R$ 19,99 R$ 29,99 -33% Iogurte Integral Com Açúcar Atilatte 500 G Price: 0 R$ 8,99 R$ 13,99 -36% Shake Kids Morango Trustfuel Growh Vida Veg 250ml Price: 0 R$ 11,99 R$ 14,99 -20% Queijo Provolone Fatiado Vegetal Vida Veg 150 G Price: 0 R$ 21,99 R$ 24,99 -12% Refrigerante Natural Limao Siciliano Devi 269ml Price: 0 R$ 8,99 R$ 11,99 -25% Refrigerante Natural Devi Laranja 269 Ml Price: 0 R$ 8,99 R$ 11,99 -25% Shake Kids Chocolate Vegano Trustfuel Vida Veg 250ml Price: 0 R$ 11,99 R$ 14,99 -20% Gelatina Abacaxi Gelialgas 210g Price: 0 R$ 9,99 R$ 11,99 -17% Queijo Minas Militão Da Canastra 250g Price: 0 R$ 29,99 R$ 32,99 -9% Macedoine Conserva Importado Daucy 290g Price: 0 R$ 16,99 R$ 19,99 -15% Aspargo Verde Conserva 330g Price: 0 R$ 39,99 R$ 49,99 -20% Berinjela A Provencal Conserva Daucy 380g Price: 0 R$ 26,99 R$ 29,99 -10% Aspargo Branco Conserva Daucy 330g Price: 0 R$ 36,99 R$ 39,99 -8% Kombucha Frutas Vermelhas Devi 269ml Price: 0 R$ 11,99 R$ 15,99 -25% Kombucha Pink Lemonade Devi 269 Ml Price: 0 R$ 11,99 R$ 15,99 -25% Gelatina Uva Gelialgas 210 G Price: 0 R$ 9,99 R$ 11,99 -17% Whey Protein 100% Baunilha Ice Cream Optimum 9",,24.99,,,,unknown,
Voltar,"Voltar SEM GLÚTEN 1 Comprar Preços no Site e App podem ser diferentes das Lojas Físicas. Preços de produtos pesáveis podem sofrer variações de acordo com o peso real do produto. Shipping Postal Code I don't know my Postal Code Description Pão De Forma Multigrãos Com Castanha Do Pará Sem Glúten Belive 400 G “Imagem meramente ilustrativa. O produto final pode apresentar variações de cor, tamanho ou modelo” Descrição Pão De Forma Multigrãos Com Castanha Do Pará Sem Glúten Belive 400 G “Imagem meramente ilustrativa. O produto final pode apresentar variações de cor, tamanho ou modelo” Ofertas do mês do cliente com até 65% OFF Ver tudo Cebolinha Cristal Conserva Corbalan 305 G Price: 0 R$ 24,99 R$ 29,99 -17% Mini Coxinha De Frango Com Requeijão Croissant & Cia 400 G Price: 0 R$ 16,99 R$ 24,99 -32% SEM GLÚTEN SEM LACTOSE Panqueca Frango Chef Pilli 400g Price: 0 R$ 15,99 R$ 36,99 -57% Esfiha Chocolate Com 4 Unidades Dozza 200g Price: 0 R$ 19,99 R$ 29,99 -33% Iogurte Integral Com Açúcar Atilatte 500 G Price: 0 R$ 8,99 R$ 13,99 -36% Shake Kids Morango Trustfuel Growh Vida Veg 250ml Price: 0 R$ 11,99 R$ 14,99 -20% Queijo Provolone Fatiado Vegetal Vida Veg 150 G Price: 0 R$ 21,99 R$ 24,99 -12% Refrigerante Natural Limao Siciliano Devi 269ml Price: 0 R$ 8,99 R$ 11,99 -25% Refrigerante Natural Devi Laranja 269 Ml Price: 0 R$ 8,99 R$ 11,99 -25% Shake Kids Chocolate Vegano Trustfuel Vida Veg 250ml Price: 0 R$ 11,99 R$ 14,99 -20% Gelatina Abacaxi Gelialgas 210g Price: 0 R$ 9,99 R$ 11,99 -17% Queijo Minas Militão Da Canastra 250g Price: 0 R$ 29,99 R$ 32,99 -9% Macedoine Conserva Importado Daucy 290g Price: 0 R$ 16,99 R$ 19,99 -15% Aspargo Verde Conserva 330g Price: 0 R$ 39,99 R$ 49,99 -20% Berinjela A Provencal Conserva Daucy 380g Price: 0 R$ 26,99 R$ 29,99 -10% Aspargo Branco Conserva Daucy 330g Price: 0 R$ 36,99 R$ 39,99 -8% Kombucha Frutas Vermelhas Devi 269ml Price: 0 R$ 11,99 R$ 15,99 -25% Kombucha Pink Lemonade Devi 269 Ml Price: 0 R$ 11,99 R$ 15,99 -25% Gelatina Uva Gelialgas ",,24.99,,,,unknown,
Voltar,"Voltar 1 Comprar Preços no Site e App podem ser diferentes das Lojas Físicas. Preços de produtos pesáveis podem sofrer variações de acordo com o peso real do produto. Shipping Postal Code I don't know my Postal Code Description REFRI COCA COLA 350ML ZERO “Imagem meramente ilustrativa. O produto final pode apresentar variações de cor, tamanho ou modelo” Descrição REFRI COCA COLA 350ML ZERO “Imagem meramente ilustrativa. O produto final pode apresentar variações de cor, tamanho ou modelo” Ofertas do mês do cliente com até 65% OFF Ver tudo Cebolinha Cristal Conserva Corbalan 305 G Price: 0 R$ 24,99 R$ 29,99 -17% Mini Coxinha De Frango Com Requeijão Croissant & Cia 400 G Price: 0 R$ 16,99 R$ 24,99 -32% SEM GLÚTEN SEM LACTOSE Panqueca Frango Chef Pilli 400g Price: 0 R$ 15,99 R$ 36,99 -57% Esfiha Chocolate Com 4 Unidades Dozza 200g Price: 0 R$ 19,99 R$ 29,99 -33% Iogurte Integral Com Açúcar Atilatte 500 G Price: 0 R$ 8,99 R$ 13,99 -36% Shake Kids Morango Trustfuel Growh Vida Veg 250ml Price: 0 R$ 11,99 R$ 14,99 -20% Queijo Provolone Fatiado Vegetal Vida Veg 150 G Price: 0 R$ 21,99 R$ 24,99 -12% Refrigerante Natural Limao Siciliano Devi 269ml Price: 0 R$ 8,99 R$ 11,99 -25% Refrigerante Natural Devi Laranja 269 Ml Price: 0 R$ 8,99 R$ 11,99 -25% Shake Kids Chocolate Vegano Trustfuel Vida Veg 250ml Price: 0 R$ 11,99 R$ 14,99 -20% Gelatina Abacaxi Gelialgas 210g Price: 0 R$ 9,99 R$ 11,99 -17% Queijo Minas Militão Da Canastra 250g Price: 0 R$ 29,99 R$ 32,99 -9% Macedoine Conserva Importado Daucy 290g Price: 0 R$ 16,99 R$ 19,99 -15% Aspargo Verde Conserva 330g Price: 0 R$ 39,99 R$ 49,99 -20% Berinjela A Provencal Conserva Daucy 380g Price: 0 R$ 26,99 R$ 29,99 -10% Aspargo Branco Conserva Daucy 330g Price: 0 R$ 36,99 R$ 39,99 -8% Kombucha Frutas Vermelhas Devi 269ml Price: 0 R$ 11,99 R$ 15,99 -25% Kombucha Pink Lemonade Devi 269 Ml Price: 0 R$ 11,99 R$ 15,99 -25% Gelatina Uva Gelialgas 210 G Price: 0 R$ 9,99 R$ 11,99 -17% Whey Protein 100% Baunilha Ice Cream Optimum 907 G Price: ",,24.99,,,,unknown,
Voltar,"Voltar 1 Comprar Preços no Site e App podem ser diferentes das Lojas Físicas. Preços de produtos pesáveis podem sofrer variações de acordo com o peso real do produto. Shipping Postal Code I don't know my Postal Code Description Refrigerante Pepsi Black Zero 2 L “Imagem meramente ilustrativa. O produto final pode apresentar variações de cor, tamanho ou modelo” Descrição Refrigerante Pepsi Black Zero 2 L “Imagem meramente ilustrativa. O produto final pode apresentar variações de cor, tamanho ou modelo” Ofertas do mês do cliente com até 65% OFF Ver tudo Cebolinha Cristal Conserva Corbalan 305 G Price: 0 R$ 24,99 R$ 29,99 -17% Mini Coxinha De Frango Com Requeijão Croissant & Cia 400 G Price: 0 R$ 16,99 R$ 24,99 -32% SEM GLÚTEN SEM LACTOSE Panqueca Frango Chef Pilli 400g Price: 0 R$ 15,99 R$ 36,99 -57% Esfiha Chocolate Com 4 Unidades Dozza 200g Price: 0 R$ 19,99 R$ 29,99 -33% Iogurte Integral Com Açúcar Atilatte 500 G Price: 0 R$ 8,99 R$ 13,99 -36% Shake Kids Morango Trustfuel Growh Vida Veg 250ml Price: 0 R$ 11,99 R$ 14,99 -20% Queijo Provolone Fatiado Vegetal Vida Veg 150 G Price: 0 R$ 21,99 R$ 24,99 -12% Refrigerante Natural Limao Siciliano Devi 269ml Price: 0 R$ 8,99 R$ 11,99 -25% Refrigerante Natural Devi Laranja 269 Ml Price: 0 R$ 8,99 R$ 11,99 -25% Shake Kids Chocolate Vegano Trustfuel Vida Veg 250ml Price: 0 R$ 11,99 R$ 14,99 -20% Gelatina Abacaxi Gelialgas 210g Price: 0 R$ 9,99 R$ 11,99 -17% Queijo Minas Militão Da Canastra 250g Price: 0 R$ 29,99 R$ 32,99 -9% Macedoine Conserva Importado Daucy 290g Price: 0 R$ 16,99 R$ 19,99 -15% Aspargo Verde Conserva 330g Price: 0 R$ 39,99 R$ 49,99 -20% Berinjela A Provencal Conserva Daucy 380g Price: 0 R$ 26,99 R$ 29,99 -10% Aspargo Branco Conserva Daucy 330g Price: 0 R$ 36,99 R$ 39,99 -8% Kombucha Frutas Vermelhas Devi 269ml Price: 0 R$ 11,99 R$ 15,99 -25% Kombucha Pink Lemonade Devi 269 Ml Price: 0 R$ 11,99 R$ 15,99 -25% Gelatina Uva Gelialgas 210 G Price: 0 R$ 9,99 R$ 11,99 -17% Whey Protein 100% Baunilha Ice Cream Optimum",,24.99,,,,unknown,
Voltar,"Voltar 1 Comprar Preços no Site e App podem ser diferentes das Lojas Físicas. Preços de produtos pesáveis podem sofrer variações de acordo com o peso real do produto. Shipping Postal Code I don't know my Postal Code Description Refrigerante De Cola Orgânico Wewi 255 Ml “Imagem meramente ilustrativa. O produto final pode apresentar variações de cor, tamanho ou modelo” Descrição Refrigerante De Cola Orgânico Wewi 255 Ml “Imagem meramente ilustrativa. O produto final pode apresentar variações de cor, tamanho ou modelo” Ofertas do mês do cliente com até 65% OFF Ver tudo Cebolinha Cristal Conserva Corbalan 305 G Price: 0 R$ 29,99/ R$ 24,99/ R$ 24,99 un -17% 1 un / 1 Mini Coxinha De Frango Com Requeijão Croissant & Cia 400 G Price: 0 R$ 24,99/ R$ 16,99/ R$ 16,99 un -32% 1 un / 1 SEM GLÚTEN SEM LACTOSE Panqueca Frango Chef Pilli 400g Price: 0 R$ 36,99/ R$ 15,99/ R$ 15,99 un -57% 1 un / 1 Esfiha Chocolate Com 4 Unidades Dozza 200g Price: 0 R$ 29,99/ R$ 19,99/ R$ 19,99 un -33% 1 un / 1 Iogurte Integral Com Açúcar Atilatte 500 G Price: 0 R$ 13,99/ R$ 8,99/ R$ 8,99 un -36% 1 un / 1 Shake Kids Morango Trustfuel Growh Vida Veg 250ml Price: 0 R$ 14,99/ R$ 11,99/ R$ 11,99 un -20% 1 un / 1 Queijo Provolone Fatiado Vegetal Vida Veg 150 G Price: 0 R$ 24,99/ R$ 21,99/ R$ 21,99 un -12% 1 un / 1 Refrigerante Natural Limao Siciliano Devi 269ml Price: 0 R$ 11,99/ R$ 8,99/ R$ 8,99 un -25% 1 un / 1 Refrigerante Natural Devi Laranja 269 Ml Price: 0 R$ 11,99/ R$ 8,99/ R$ 8,99 un -25% 1 un / 1 Shake Kids Chocolate Vegano Trustfuel Vida Veg 250ml Price: 0 R$ 14,99/ R$ 11,99/ R$ 11,99 un -20% 1 un / 1 Gelatina Abacaxi Gelialgas 210g Price: 0 R$ 11,99/ R$ 9,99/ R$ 9,99 un -17% 1 un / 1 Queijo Minas Militão Da Canastra 250g Price: 0 R$ 32,99/ R$ 29,99/ R$ 29,99 un -9% 1 un / 1 Macedoine Conserva Importado Daucy 290g Price: 0 R$ 19,99/ R$ 16,99/ R$ 16,99 un -15% 1 un / 1 Aspargo Verde Conserva 330g Price: 0 R$ 49,99/ R$ 39,99/ R$ 39,99 un -20% 1 un / 1 Berinjela A Provencal Conserva Daucy 380g Pric",,29.99,,,,unknown,
Voltar,"Voltar 1 Comprar Preços no Site e App podem ser diferentes das Lojas Físicas. Preços de produtos pesáveis podem sofrer variações de acordo com o peso real do produto. Shipping Postal Code I don't know my Postal Code Description Massa Italiana Spaghetti Semola De Cecco 500 G “Imagem meramente ilustrativa. O produto final pode apresentar variações de cor, tamanho ou modelo” Descrição Massa Italiana Spaghetti Semola De Cecco 500 G “Imagem meramente ilustrativa. O produto final pode apresentar variações de cor, tamanho ou modelo” Aproveite nossas ofertas! Ver tudo SEM GLÚTEN SEM LACTOSE Panqueca Frango Chef Pilli 400g Price: 0 R$ 15,99 R$ 36,99 -57% Saco Para Lixo Repelente Embalixo 50 Litros 30 Uns Price: 0 R$ 19,99 R$ 39,99 -50% Saco Para Lixo Sustentável Embalixo 30 Litros 30 Uns Price: 0 R$ 9,99 R$ 18,99 -47% Mandioca Cozida E Congelada Ecco Premium 1 Kg Price: 0 R$ 12,99 R$ 22,99 -43% Amêndoa Sem Pele Laminada Oba Bem Querer 200 G Price: 0 R$ 19,99 R$ 34,99 -43% Amêndoa Chilena Torrada E Salgada Oba Bem Querer 200 G Price: 0 R$ 19,99 R$ 34,99 -43% Sacos De Polietileno Wyda 3 Kg 100 Uns Price: 0 R$ 9,99 R$ 16,99 -41% Água De Coco Verde Vitcoco 200 Ml Price: 0 R$ 2,99 R$ 4,99 -40% Biscoito Recheado Duplo Chocolate Bauducco 140 G Price: 0 R$ 2,99 R$ 4,99 -40% Hambúrguer De Berinjela Com Linhaça Mr Veggy 400 G Price: 0 R$ 16,99 R$ 27,99 -39% Bolinho De Grão De Bico Falafel Mr Veggy Price: 0 R$ 16,99 R$ 27,99 -39% Bebida Láctea Coco Com Batata Doce Yopro 250ml Price: 0 R$ 7,99 R$ 12,99 -38% Crepe Congelado De Nutella Èze 240g Price: 0 R$ 11,99 R$ 18,99 -37% Crepe Congelado De Peito De Peru Com Catupiry Èze 240g Price: 0 R$ 11,99 R$ 18,99 -37% Crepe Congelado Calabresa Com Catupiry Èze 240g Price: 0 R$ 11,99 R$ 18,99 -37% Crepe Congelado De Doce De Leite Èze 240g Price: 0 R$ 11,99 R$ 18,99 -37% Iogurte Integral Com Açúcar Atilatte 500 G Price: 0 R$ 8,99 R$ 13,99 -36% Azeitona Verde Com Caroço Em Conserva Oba Bem Querer 250g Price: 0 R$ 12,99 R$ 19,99 -35% Fondue De Queij",,15.99,,,,unknown,
Voltar,"Voltar SEM GLÚTEN 1 Comprar Preços no Site e App podem ser diferentes das Lojas Físicas. Preços de produtos pesáveis podem sofrer variações de acordo com o peso real do produto. Shipping Postal Code I don't know my Postal Code Description Macarrão Italiano Spaghetti Sem Glúten Garofalo 400 G “Imagem meramente ilustrativa. O produto final pode apresentar variações de cor, tamanho ou modelo” Descrição Macarrão Italiano Spaghetti Sem Glúten Garofalo 400 G “Imagem meramente ilustrativa. O produto final pode apresentar variações de cor, tamanho ou modelo” Aproveite nossas ofertas! Ver tudo SEM GLÚTEN SEM LACTOSE Panqueca Frango Chef Pilli 400g Price: 0 R$ 15,99 R$ 36,99 -57% Saco Para Lixo Repelente Embalixo 50 Litros 30 Uns Price: 0 R$ 19,99 R$ 39,99 -50% Saco Para Lixo Sustentável Embalixo 30 Litros 30 Uns Price: 0 R$ 9,99 R$ 18,99 -47% Mandioca Cozida E Congelada Ecco Premium 1 Kg Price: 0 R$ 12,99 R$ 22,99 -43% Amêndoa Sem Pele Laminada Oba Bem Querer 200 G Price: 0 R$ 19,99 R$ 34,99 -43% Amêndoa Chilena Torrada E Salgada Oba Bem Querer 200 G Price: 0 R$ 19,99 R$ 34,99 -43% Sacos De Polietileno Wyda 3 Kg 100 Uns Price: 0 R$ 9,99 R$ 16,99 -41% Água De Coco Verde Vitcoco 200 Ml Price: 0 R$ 2,99 R$ 4,99 -40% Biscoito Recheado Duplo Chocolate Bauducco 140 G Price: 0 R$ 2,99 R$ 4,99 -40% Hambúrguer De Berinjela Com Linhaça Mr Veggy 400 G Price: 0 R$ 16,99 R$ 27,99 -39% Bolinho De Grão De Bico Falafel Mr Veggy Price: 0 R$ 16,99 R$ 27,99 -39% Bebida Láctea Coco Com Batata Doce Yopro 250ml Price: 0 R$ 7,99 R$ 12,99 -38% Crepe Congelado De Nutella Èze 240g Price: 0 R$ 11,99 R$ 18,99 -37% Crepe Congelado De Peito De Peru Com Catupiry Èze 240g Price: 0 R$ 11,99 R$ 18,99 -37% Crepe Congelado Calabresa Com Catupiry Èze 240g Price: 0 R$ 11,99 R$ 18,99 -37% Crepe Congelado De Doce De Leite Èze 240g Price: 0 R$ 11,99 R$ 18,99 -37% Iogurte Integral Com Açúcar Atilatte 500 G Price: 0 R$ 8,99 R$ 13,99 -36% Azeitona Verde Com Caroço Em Conserva Oba Bem Querer 250g Price: 0 R$ 12,99 R$ 1",,15.99,,,,unknown,
Voltar,"Voltar Description Macarrão Italiano Spaghetti La Campofilone 500 G “Imagem meramente ilustrativa. O produto final pode apresentar variações de cor, tamanho ou modelo” Descrição Macarrão Italiano Spaghetti La Campofilone 500 G “Imagem meramente ilustrativa. O produto final pode apresentar variações de cor, tamanho ou modelo” Aproveite nossas ofertas! Ver tudo SEM GLÚTEN SEM LACTOSE Panqueca Frango Chef Pilli 400g Price: 0 R$ 15,99 R$ 36,99 -57% Saco Para Lixo Repelente Embalixo 50 Litros 30 Uns Price: 0 R$ 19,99 R$ 39,99 -50% Saco Para Lixo Sustentável Embalixo 30 Litros 30 Uns Price: 0 R$ 9,99 R$ 18,99 -47% Mandioca Cozida E Congelada Ecco Premium 1 Kg Price: 0 R$ 12,99 R$ 22,99 -43% Amêndoa Sem Pele Laminada Oba Bem Querer 200 G Price: 0 R$ 19,99 R$ 34,99 -43% Amêndoa Chilena Torrada E Salgada Oba Bem Querer 200 G Price: 0 R$ 19,99 R$ 34,99 -43% Sacos De Polietileno Wyda 3 Kg 100 Uns Price: 0 R$ 9,99 R$ 16,99 -41% Água De Coco Verde Vitcoco 200 Ml Price: 0 R$ 2,99 R$ 4,99 -40% Biscoito Recheado Duplo Chocolate Bauducco 140 G Price: 0 R$ 2,99 R$ 4,99 -40% Hambúrguer De Berinjela Com Linhaça Mr Veggy 400 G Price: 0 R$ 16,99 R$ 27,99 -39% Bolinho De Grão De Bico Falafel Mr Veggy Price: 0 R$ 16,99 R$ 27,99 -39% Bebida Láctea Coco Com Batata Doce Yopro 250ml Price: 0 R$ 7,99 R$ 12,99 -38% Crepe Congelado De Nutella Èze 240g Price: 0 R$ 11,99 R$ 18,99 -37% Crepe Congelado De Peito De Peru Com Catupiry Èze 240g Price: 0 R$ 11,99 R$ 18,99 -37% Crepe Congelado Calabresa Com Catupiry Èze 240g Price: 0 R$ 11,99 R$ 18,99 -37% Crepe Congelado De Doce De Leite Èze 240g Price: 0 R$ 11,99 R$ 18,99 -37% Iogurte Integral Com Açúcar Atilatte 500 G Price: 0 R$ 8,99 R$ 13,99 -36% Azeitona Verde Com Caroço Em Conserva Oba Bem Querer 250g Price: 0 R$ 12,99 R$ 19,99 -35% Fondue De Queijo Holandês Old Dutch Oba Bem Querer 400 G Price: 0 R$ 32,99 R$ 49,99 -34% Fondue De Queijo Maasdam Oba Bem Querer 400 G Price: 0 R$ 32,99 R$ 49,99 -34% SEM LACTOSE Iogurte Grego Oba Bem Querer Natural Sem ",,15.99,,,,unknown,
Voltar,"Voltar Description Massa Italiana Integral Spaghetti La Molisana 500 G “Imagem meramente ilustrativa. O produto final pode apresentar variações de cor, tamanho ou modelo” Descrição Massa Italiana Integral Spaghetti La Molisana 500 G “Imagem meramente ilustrativa. O produto final pode apresentar variações de cor, tamanho ou modelo” Aproveite nossas ofertas! Ver tudo SEM GLÚTEN SEM LACTOSE Panqueca Frango Chef Pilli 400g Price: 0 R$ 15,99 R$ 36,99 -57% Saco Para Lixo Repelente Embalixo 50 Litros 30 Uns Price: 0 R$ 19,99 R$ 39,99 -50% Saco Para Lixo Sustentável Embalixo 30 Litros 30 Uns Price: 0 R$ 9,99 R$ 18,99 -47% Mandioca Cozida E Congelada Ecco Premium 1 Kg Price: 0 R$ 12,99 R$ 22,99 -43% Amêndoa Sem Pele Laminada Oba Bem Querer 200 G Price: 0 R$ 19,99 R$ 34,99 -43% Amêndoa Chilena Torrada E Salgada Oba Bem Querer 200 G Price: 0 R$ 19,99 R$ 34,99 -43% Sacos De Polietileno Wyda 3 Kg 100 Uns Price: 0 R$ 9,99 R$ 16,99 -41% Água De Coco Verde Vitcoco 200 Ml Price: 0 R$ 2,99 R$ 4,99 -40% Biscoito Recheado Duplo Chocolate Bauducco 140 G Price: 0 R$ 2,99 R$ 4,99 -40% Hambúrguer De Berinjela Com Linhaça Mr Veggy 400 G Price: 0 R$ 16,99 R$ 27,99 -39% Bolinho De Grão De Bico Falafel Mr Veggy Price: 0 R$ 16,99 R$ 27,99 -39% Bebida Láctea Coco Com Batata Doce Yopro 250ml Price: 0 R$ 7,99 R$ 12,99 -38% Crepe Congelado De Nutella Èze 240g Price: 0 R$ 11,99 R$ 18,99 -37% Crepe Congelado De Peito De Peru Com Catupiry Èze 240g Price: 0 R$ 11,99 R$ 18,99 -37% Crepe Congelado Calabresa Com Catupiry Èze 240g Price: 0 R$ 11,99 R$ 18,99 -37% Crepe Congelado De Doce De Leite Èze 240g Price: 0 R$ 11,99 R$ 18,99 -37% Iogurte Integral Com Açúcar Atilatte 500 G Price: 0 R$ 8,99 R$ 13,99 -36% Azeitona Verde Com Caroço Em Conserva Oba Bem Querer 250g Price: 0 R$ 12,99 R$ 19,99 -35% Fondue De Queijo Holandês Old Dutch Oba Bem Querer 400 G Price: 0 R$ 32,99 R$ 49,99 -34% Fondue De Queijo Maasdam Oba Bem Querer 400 G Price: 0 R$ 32,99 R$ 49,99 -34% SEM LACTOSE Iogurte Grego Oba Bem Querer Natura",,15.99,,,,unknown,
Voltar,"Voltar SEM LACTOSE 1 Comprar Preços no Site e App podem ser diferentes das Lojas Físicas. Preços de produtos pesáveis podem sofrer variações de acordo com o peso real do produto. Shipping Postal Code I don't know my Postal Code Description Leite Zero Lactose Zero Piracanjuba 1 L “Imagem meramente ilustrativa. O produto final pode apresentar variações de cor, tamanho ou modelo” Descrição Leite Zero Lactose Zero Piracanjuba 1 L “Imagem meramente ilustrativa. O produto final pode apresentar variações de cor, tamanho ou modelo” Ofertas do mês do cliente com até 65% OFF Ver tudo Ovo Branco Jumbo Katayama Polpa Com 10 Unidades Price: 0 R$ 9,99 R$ 13,99 -29% Cerveja Paulaner Munchner 500 Ml Price: 0 R$ 19,99 R$ 26,99 -26% Goiabada Cascão Caixa Sabores Da Fazenda 500 G Price: 0 R$ 26,99 R$ 34,99 -23% Mistura Chinesa Daucy 300 G Price: 0 R$ 7,99 R$ 10,99 -27% Mistura Japonesa Congelada Daucy 300 G Price: 0 R$ 7,99 R$ 10,99 -27% Queijo Tipo Árabe Sem Condimento Chancliche 135 G Price: 0 R$ 29,99 R$ 34,99 -14% Folha Alumínio Wyda 7,5 M X 45 Cm Price: 0 R$ 9,99 R$ 14,99 -33% Sacos De Polietileno Wyda 3 Kg 100 Uns Price: 0 R$ 9,99 R$ 16,99 -41% Sacos Herméticos Zip Wyda 15 Uns Price: 0 R$ 11,99 R$ 17,99 -33% Cerveja Nacional Dama Bier Weiss 600 Ml Price: 0 R$ 16,99 R$ 19,99 -15% Waffle Integral Light Forno De Minas 210g Price: 0 R$ 18,99 R$ 21,99 -14% Polpa De Açai Com Banana Frooty 2l Price: 0 R$ 54,99 R$ 64,99 -15% Azeitona Verde Castel V Madama Oliva 190 G Price: 0 R$ 24,99 R$ 29,99 -17% Mostarda Tipo Holandesa Hemmer 200 G Price: 0 R$ 9,99 R$ 12,99 -23% Creme Vegetal Original Com Sal E Ômega 6 Becel 250 G Price: 0 R$ 7,99 R$ 9,99 -20% Biscoito Recheado Duplo Chocolate Bauducco 140 G Price: 0 R$ 2,99 R$ 4,99 -40% Creme Vegetal Original Sem Sal E Com Ômega 6 Becel 500 G Price: 0 R$ 11,99 R$ 14,99 -20% Queijo Processado Light Polenguinho 68g Price: 0 R$ 5,99 R$ 7,99 -25% Queijo Processado Tradicional Polenguinho 68g 4 Unidades Price: 0 R$ 5,99 R$ 7,99 -25% Alho Temperado Em Con",,9.99,,,,unknown,
Ingresar,"Ingresar Supermercado Despensa Granos y semillas Arroz SOS Super Extra Rojo 900g SOS Cargando comentarios… Arroz SOS Super Extra Rojo 900g Arroz SOS Super Extra Rojo 900g Referencia : 3008327 Información Arroz Grano Largo, color blanco libre de olore Las imágenes del producto son únicamente de referencia, el diseño de etiquetas y el contenido (ml, L, Kg, g, piezas, etc) pueden cambiar y/o variar sin previo aviso. Mostrar más Comparte Vendido y entregado por: Chedraui Descripción Especificaciones Arroz Grano Largo, color blanco libre de olore Productos relacionados Arroz SOS Super Extra Grano Largo 900g SOS $0.00 900 g Combo Cantidad Máxima Equivale a ≈1 pza 3x2 Arroz Super Extra Chedraui 900g Chedraui $0.00 1 pieza de 900g Combo Cantidad Máxima Equivale a ≈1 pza 3x2 Arroz SOS integral 1Kg SOS $0.00 1 pieza de 1Kg Combo Cantidad Máxima Equivale a ≈1 pza 3x2 Arroz Sos Grueso 900g SOS $0.00 900 g Combo Cantidad Máxima Equivale a ≈1 pza 3x2 Arroz Schettino Extra 900g Schettino $0.00 1 pz de 900g Combo Cantidad Máxima Equivale a ≈1 pza 3x2 Arroz Sos Salvaje Mixto170g SOS $0.00 1 pieza de 170g Combo Cantidad Máxima Equivale a ≈1 pza 3x2 Arroz Verde Valle Super Extra 900g Verde Valle $0.00 1 pieza de 900g Combo Cantidad Máxima Equivale a ≈1 pza 3x2 Arroz Verde Valle Super Extra 2Kg Verde Valle $0.00 1 pieza de 2Kg Combo Cantidad Máxima Equivale a ≈1 pza 3x2 Arroz Super Extra Nor-Ver 900g Nor-Ver $0.00 1 pieza de 900g Combo Cantidad Máxima Equivale a ≈1 pza 3x2 Arroz SOS Super Extra Para Sushi 1Kg SOS $0.00 1 pieza de 1Kg Combo Cantidad Máxima Equivale a ≈1 pza 3x2 Arroz La Merced Super Extra 900g La Merced $0.00 1 pieza de 900g Combo Cantidad Máxima Equivale a ≈1 pza 3x2 Arroz Schettino Verde 900g Schettino $0.00 1 pieza de 900g Combo Cantidad Máxima Equivale a ≈1 pza 3x2 Frijol SOS Negro 900g SOS $0.00 900 g Combo Cantidad Máxima Equivale a ≈1 pza 3x2 Arroz Super Extra Soberano de Morelos 900g Otras Marcas $0.00 Combo Cantidad Máxima Equivale a ≈1 pza 3x2 Arroz Italriso S",,000,,,,unknown,
"Este sitio web utiliza cookies propias para optimizar la experiencia de nuestros clientes, analizar estadísticas de navegación del sitio y de terceros para brindar contenidos personalizados de acuerdo","Este sitio web utiliza cookies propias para optimizar la experiencia de nuestros clientes, analizar estadísticas de navegación del sitio y de terceros para brindar contenidos personalizados de acuerdo con sus preferencias. Al dar click en [Aceptar], autoriza el uso de cookies durante su navegación. Para más información, consulte nuestra Política de Cookies en el Aviso de Privacidad . Aceptar Supermercado Lacteos y huevo Huevos Huevos Blancos Tehuacán 30 Piezas Huevo Tehuacán Cargando comentarios… Huevos Blancos Tehuacán 30 Piezas Huevos Blancos Tehuacán 30 Piezas Referencia : 3101222 Información 30 Huevos Blancos Tehuacán para preparar ricos alimentos para toda la familia *Las imágenes del producto son únicamente de referencia, el diseños de etiquetas y el contenido (ml, L, Kg, g, piezas, etc) pueden cambiar y/o variar sin previo aviso. Mostrar más Características Importantes Disfruta lo natural Practico Rico, nutritivo Comparte Vendido y entregado por: Chedraui Descripción Especificaciones Huevo mas Fresco, Disfruta lo Natural, Ideal para Preparar los Mejores Alimentos para Disfrutar con Toda tu Familia Productos relacionados Huevos Blancos Tehuacán 18 Piezas Huevo Tehuacán $0.00 1 pieza con 18 ud Combo Cantidad Máxima Equivale a ≈1 pza 3x2 Huevos Blancos Tehuacán 12 Piezas Huevo Tehuacán $0.00 1 pieza con 12 ud Combo Cantidad Máxima Equivale a ≈1 pza 3x2 Huevo San Juan Blanco 30 Piezas San Juan $0.00 1 pieza con 30 ud Combo Cantidad Máxima Equivale a ≈1 pza 3x2 Huevo Blanco El Calvario 30 Piezas El Calvario $0.00 1 pieza con 30 ud Combo Cantidad Máxima Equivale a ≈1 pza 3x2 Huevo San Juan Blanco 12 Piezas San Juan $0.00 1 pieza con 12 ud Combo Cantidad Máxima Equivale a ≈1 pza 3x2 Huevo San Juan Blanco 18 Piezas San Juan $0.00 1 pieza con 18 ud Combo Cantidad Máxima Equivale a ≈1 pza 3x2 Huevo Blanco El Calvario 12 Piezas El Calvario $0.00 1 pieza con 12 ud Combo Cantidad Máxima Equivale a ≈1 pza 3x2 Huevo Blanco Del Rancho 30 Piezas Del Rancho $0.00 1 pieza con 3",,000,,,,unknown,
Voltar,"Voltar SEM LACTOSE 1 Comprar Preços no Site e App podem ser diferentes das Lojas Físicas. Preços de produtos pesáveis podem sofrer variações de acordo com o peso real do produto. Shipping Postal Code I don't know my Postal Code Description Leite Zero Lactose Molico 1 L “Imagem meramente ilustrativa. O produto final pode apresentar variações de cor, tamanho ou modelo” Descrição Leite Zero Lactose Molico 1 L “Imagem meramente ilustrativa. O produto final pode apresentar variações de cor, tamanho ou modelo” Ofertas do mês do cliente com até 65% OFF Ver tudo Ovo Branco Jumbo Katayama Polpa Com 10 Unidades Price: 0 R$ 9,99 R$ 13,99 -29% Cerveja Paulaner Munchner 500 Ml Price: 0 R$ 19,99 R$ 26,99 -26% Goiabada Cascão Caixa Sabores Da Fazenda 500 G Price: 0 R$ 26,99 R$ 34,99 -23% Mistura Chinesa Daucy 300 G Price: 0 R$ 7,99 R$ 10,99 -27% Mistura Japonesa Congelada Daucy 300 G Price: 0 R$ 7,99 R$ 10,99 -27% Queijo Tipo Árabe Sem Condimento Chancliche 135 G Price: 0 R$ 29,99 R$ 34,99 -14% Folha Alumínio Wyda 7,5 M X 45 Cm Price: 0 R$ 9,99 R$ 14,99 -33% Sacos De Polietileno Wyda 3 Kg 100 Uns Price: 0 R$ 9,99 R$ 16,99 -41% Sacos Herméticos Zip Wyda 15 Uns Price: 0 R$ 11,99 R$ 17,99 -33% Cerveja Nacional Dama Bier Weiss 600 Ml Price: 0 R$ 16,99 R$ 19,99 -15% Waffle Integral Light Forno De Minas 210g Price: 0 R$ 18,99 R$ 21,99 -14% Polpa De Açai Com Banana Frooty 2l Price: 0 R$ 54,99 R$ 64,99 -15% Azeitona Verde Castel V Madama Oliva 190 G Price: 0 R$ 24,99 R$ 29,99 -17% Mostarda Tipo Holandesa Hemmer 200 G Price: 0 R$ 9,99 R$ 12,99 -23% Creme Vegetal Original Com Sal E Ômega 6 Becel 250 G Price: 0 R$ 7,99 R$ 9,99 -20% Biscoito Recheado Duplo Chocolate Bauducco 140 G Price: 0 R$ 2,99 R$ 4,99 -40% Creme Vegetal Original Sem Sal E Com Ômega 6 Becel 500 G Price: 0 R$ 11,99 R$ 14,99 -20% Queijo Processado Light Polenguinho 68g Price: 0 R$ 5,99 R$ 7,99 -25% Queijo Processado Tradicional Polenguinho 68g 4 Unidades Price: 0 R$ 5,99 R$ 7,99 -25% Alho Temperado Em Conserva Madama Oliva 3",,9.99,,,,unknown,
Voltar,"Voltar SEM LACTOSE 1 Comprar Preços no Site e App podem ser diferentes das Lojas Físicas. Preços de produtos pesáveis podem sofrer variações de acordo com o peso real do produto. Shipping Postal Code I don't know my Postal Code Description Leite Zero Lactose Xando 1l “Imagem meramente ilustrativa. O produto final pode apresentar variações de cor, tamanho ou modelo” Descrição Leite Zero Lactose Xando 1l “Imagem meramente ilustrativa. O produto final pode apresentar variações de cor, tamanho ou modelo” Ofertas do mês do cliente com até 65% OFF Ver tudo Ovo Branco Jumbo Katayama Polpa Com 10 Unidades Price: 0 R$ 9,99 R$ 13,99 -29% Cerveja Paulaner Munchner 500 Ml Price: 0 R$ 19,99 R$ 26,99 -26% Goiabada Cascão Caixa Sabores Da Fazenda 500 G Price: 0 R$ 26,99 R$ 34,99 -23% Mistura Chinesa Daucy 300 G Price: 0 R$ 7,99 R$ 10,99 -27% Mistura Japonesa Congelada Daucy 300 G Price: 0 R$ 7,99 R$ 10,99 -27% Queijo Tipo Árabe Sem Condimento Chancliche 135 G Price: 0 R$ 29,99 R$ 34,99 -14% Folha Alumínio Wyda 7,5 M X 45 Cm Price: 0 R$ 9,99 R$ 14,99 -33% Sacos De Polietileno Wyda 3 Kg 100 Uns Price: 0 R$ 9,99 R$ 16,99 -41% Sacos Herméticos Zip Wyda 15 Uns Price: 0 R$ 11,99 R$ 17,99 -33% Cerveja Nacional Dama Bier Weiss 600 Ml Price: 0 R$ 16,99 R$ 19,99 -15% Waffle Integral Light Forno De Minas 210g Price: 0 R$ 18,99 R$ 21,99 -14% Polpa De Açai Com Banana Frooty 2l Price: 0 R$ 54,99 R$ 64,99 -15% Azeitona Verde Castel V Madama Oliva 190 G Price: 0 R$ 24,99 R$ 29,99 -17% Mostarda Tipo Holandesa Hemmer 200 G Price: 0 R$ 9,99 R$ 12,99 -23% Creme Vegetal Original Com Sal E Ômega 6 Becel 250 G Price: 0 R$ 7,99 R$ 9,99 -20% Biscoito Recheado Duplo Chocolate Bauducco 140 G Price: 0 R$ 2,99 R$ 4,99 -40% Creme Vegetal Original Sem Sal E Com Ômega 6 Becel 500 G Price: 0 R$ 11,99 R$ 14,99 -20% Queijo Processado Light Polenguinho 68g Price: 0 R$ 5,99 R$ 7,99 -25% Queijo Processado Tradicional Polenguinho 68g 4 Unidades Price: 0 R$ 5,99 R$ 7,99 -25% Alho Temperado Em Conserva Madama Oliva 300 G",,9.99,,,,unknown,
Voltar,"Voltar SEM LACTOSE 1 Comprar Preços no Site e App podem ser diferentes das Lojas Físicas. Preços de produtos pesáveis podem sofrer variações de acordo com o peso real do produto. Shipping Postal Code I don't know my Postal Code Description Leite Semidesnatado Zero Lactose Oba Bem Querer 1 L “Imagem meramente ilustrativa. O produto final pode apresentar variações de cor, tamanho ou modelo” Descrição Leite Semidesnatado Zero Lactose Oba Bem Querer 1 L “Imagem meramente ilustrativa. O produto final pode apresentar variações de cor, tamanho ou modelo” Ofertas do mês do cliente com até 65% OFF Ver tudo Ovo Branco Jumbo Katayama Polpa Com 10 Unidades Price: 0 R$ 9,99 R$ 13,99 -29% Cerveja Paulaner Munchner 500 Ml Price: 0 R$ 19,99 R$ 26,99 -26% Goiabada Cascão Caixa Sabores Da Fazenda 500 G Price: 0 R$ 26,99 R$ 34,99 -23% Mistura Chinesa Daucy 300 G Price: 0 R$ 7,99 R$ 10,99 -27% Mistura Japonesa Congelada Daucy 300 G Price: 0 R$ 7,99 R$ 10,99 -27% Queijo Tipo Árabe Sem Condimento Chancliche 135 G Price: 0 R$ 29,99 R$ 34,99 -14% Folha Alumínio Wyda 7,5 M X 45 Cm Price: 0 R$ 9,99 R$ 14,99 -33% Sacos De Polietileno Wyda 3 Kg 100 Uns Price: 0 R$ 9,99 R$ 16,99 -41% Sacos Herméticos Zip Wyda 15 Uns Price: 0 R$ 11,99 R$ 17,99 -33% Cerveja Nacional Dama Bier Weiss 600 Ml Price: 0 R$ 16,99 R$ 19,99 -15% Waffle Integral Light Forno De Minas 210g Price: 0 R$ 18,99 R$ 21,99 -14% Polpa De Açai Com Banana Frooty 2l Price: 0 R$ 54,99 R$ 64,99 -15% Azeitona Verde Castel V Madama Oliva 190 G Price: 0 R$ 24,99 R$ 29,99 -17% Mostarda Tipo Holandesa Hemmer 200 G Price: 0 R$ 9,99 R$ 12,99 -23% Creme Vegetal Original Com Sal E Ômega 6 Becel 250 G Price: 0 R$ 7,99 R$ 9,99 -20% Biscoito Recheado Duplo Chocolate Bauducco 140 G Price: 0 R$ 2,99 R$ 4,99 -40% Creme Vegetal Original Sem Sal E Com Ômega 6 Becel 500 G Price: 0 R$ 11,99 R$ 14,99 -20% Queijo Processado Light Polenguinho 68g Price: 0 R$ 5,99 R$ 7,99 -25% Queijo Processado Tradicional Polenguinho 68g 4 Unidades Price: 0 R$ 5,99 R$ 7,99 -2",,9.99,,,,unknown,
Voltar,"Voltar APROVEITE 1 Comprar Preços no Site e App podem ser diferentes das Lojas Físicas. Preços de produtos pesáveis podem sofrer variações de acordo com o peso real do produto. Shipping Postal Code I don't know my Postal Code Description Leite Integral Leitissimo 1 Litro “Imagem meramente ilustrativa. O produto final pode apresentar variações de cor, tamanho ou modelo” Descrição Leite Integral Leitissimo 1 Litro “Imagem meramente ilustrativa. O produto final pode apresentar variações de cor, tamanho ou modelo” Ofertas do mês do cliente com até 65% OFF Ver tudo Ovo Branco Jumbo Katayama Polpa Com 10 Unidades Price: 0 R$ 9,99 R$ 13,99 -29% Cerveja Paulaner Munchner 500 Ml Price: 0 R$ 19,99 R$ 26,99 -26% Goiabada Cascão Caixa Sabores Da Fazenda 500 G Price: 0 R$ 26,99 R$ 34,99 -23% Mistura Chinesa Daucy 300 G Price: 0 R$ 7,99 R$ 10,99 -27% Mistura Japonesa Congelada Daucy 300 G Price: 0 R$ 7,99 R$ 10,99 -27% Queijo Tipo Árabe Sem Condimento Chancliche 135 G Price: 0 R$ 29,99 R$ 34,99 -14% Folha Alumínio Wyda 7,5 M X 45 Cm Price: 0 R$ 9,99 R$ 14,99 -33% Sacos De Polietileno Wyda 3 Kg 100 Uns Price: 0 R$ 9,99 R$ 16,99 -41% Sacos Herméticos Zip Wyda 15 Uns Price: 0 R$ 11,99 R$ 17,99 -33% Cerveja Nacional Dama Bier Weiss 600 Ml Price: 0 R$ 16,99 R$ 19,99 -15% Waffle Integral Light Forno De Minas 210g Price: 0 R$ 18,99 R$ 21,99 -14% Polpa De Açai Com Banana Frooty 2l Price: 0 R$ 54,99 R$ 64,99 -15% Azeitona Verde Castel V Madama Oliva 190 G Price: 0 R$ 24,99 R$ 29,99 -17% Mostarda Tipo Holandesa Hemmer 200 G Price: 0 R$ 9,99 R$ 12,99 -23% Creme Vegetal Original Com Sal E Ômega 6 Becel 250 G Price: 0 R$ 7,99 R$ 9,99 -20% Biscoito Recheado Duplo Chocolate Bauducco 140 G Price: 0 R$ 2,99 R$ 4,99 -40% Creme Vegetal Original Sem Sal E Com Ômega 6 Becel 500 G Price: 0 R$ 11,99 R$ 14,99 -20% Queijo Processado Light Polenguinho 68g Price: 0 R$ 5,99 R$ 7,99 -25% Queijo Processado Tradicional Polenguinho 68g 4 Unidades Price: 0 R$ 5,99 R$ 7,99 -25% Alho Temperado Em Conserva Madama O",,9.99,,,,unknown,
Voltar,"Voltar Description Cerveja Praya Witbier 600ml “Imagem meramente ilustrativa. O produto final pode apresentar variações de cor, tamanho ou modelo” Descrição Cerveja Praya Witbier 600ml “Imagem meramente ilustrativa. O produto final pode apresentar variações de cor, tamanho ou modelo” Ofertas do mês do cliente com até 65% OFF Ver tudo Outros produtos para você Ver tudo",,,,,,unknown,
This app could not find url /cerveja-pure-gold-long-neck-stella-artois-sem-gluten-330-ml-100008859/p,"This app could not find url /cerveja-pure-gold-long-neck-stella-artois-sem-gluten-330-ml-100008859/p Clicando em ""Aceito todos os Cookies"", você concorda com o armazenamento de cookies no seu dispositivo para melhorar a experiência e navegação no site. Preferências Rejeitar Todos Aceitar Todos Preferências de Cookies Política de Privacidade Incidentes Preferências de Cookies Você pode configurar suas preferências de privacidade, verificando e selecionando quais cookies você deseja que este site utilize ou não. Você pode modificar suas preferências de privacidade a qualquer momento. Cookies Necessários Estes cookies são aqueles necessários para o site funcionar e não podem ser desligados em nossos sistemas. Eles geralmente são definidos apenas em resposta às ações feitas por você, como por exemplo, definir suas preferências de privacidade, fazer login ou preencher formulários. Caso queira, pode configurar seu navegador para bloqueá-lo ou alertá-lo sobre esses cookies, mas algumas partes do site podem não funcionar de forma adequada. + Vtex ● VtexRCMacIdv7 Domínio .www.obahortifruti.com.br Duração 13 ano(s) 2 mes(es) 14 dia(s) Tipo Html ● VtexRCSessionIdv7 Domínio .www.obahortifruti.com.br Duração 13 ano(s) 3 mes(es) 20 dia(s) Tipo Html ● VtexRCMacIdv7 Domínio .obahortifruti.com.br Duração 1 mes(es) 28 dia(s) Tipo Html ● VtexRCSessionIdv7 Domínio .obahortifruti.com.br Duração 10 mes(es) Tipo Html + privally.global ● __Secure-Spvll Domínio .api.privally.global Duração 13 ano(s) 2 mes(es) 29 dia(s) Tipo Http Seguro ● __Secure-Spvll Domínio .www.obahortifruti.com.br Duração 13 ano(s) 2 mes(es) 3 dia(s) Tipo Html Seguro ● __Secure-Senv Domínio .api.privally.global Duração 13 ano(s) 3 mes(es) 8 dia(s) Tipo Http Seguro Cookies Analíticos Os cookies analíticos fornecem informações sobre como este site está sendo usado para que possamos melhorar a experiência do usuário. Os dados capturados são agregados e anonimizados. + Google Analytics Termos de Uso Política de Privacidade",,,,,,unknown,
Voltar,"Voltar SEM GLÚTEN 1 Comprar Preços no Site e App podem ser diferentes das Lojas Físicas. Preços de produtos pesáveis podem sofrer variações de acordo com o peso real do produto. Shipping Postal Code I don't know my Postal Code Description Cerveja Lager Puro Malte Sem Glúten Amstel Ultra 275 Ml “Imagem meramente ilustrativa. O produto final pode apresentar variações de cor, tamanho ou modelo” Descrição Cerveja Lager Puro Malte Sem Glúten Amstel Ultra 275 Ml “Imagem meramente ilustrativa. O produto final pode apresentar variações de cor, tamanho ou modelo” Ofertas do mês do cliente com até 65% OFF Ver tudo Cebolinha Cristal Conserva Corbalan 305 G Price: 0 R$ 24,99 R$ 29,99 -17% Mini Coxinha De Frango Com Requeijão Croissant & Cia 400 G Price: 0 R$ 16,99 R$ 24,99 -32% SEM GLÚTEN SEM LACTOSE Panqueca Frango Chef Pilli 400g Price: 0 R$ 15,99 R$ 36,99 -57% Esfiha Chocolate Com 4 Unidades Dozza 200g Price: 0 R$ 19,99 R$ 29,99 -33% Iogurte Integral Com Açúcar Atilatte 500 G Price: 0 R$ 8,99 R$ 13,99 -36% Shake Kids Morango Trustfuel Growh Vida Veg 250ml Price: 0 R$ 11,99 R$ 14,99 -20% Queijo Provolone Fatiado Vegetal Vida Veg 150 G Price: 0 R$ 21,99 R$ 24,99 -12% Refrigerante Natural Limao Siciliano Devi 269ml Price: 0 R$ 8,99 R$ 11,99 -25% Refrigerante Natural Devi Laranja 269 Ml Price: 0 R$ 8,99 R$ 11,99 -25% Shake Kids Chocolate Vegano Trustfuel Vida Veg 250ml Price: 0 R$ 11,99 R$ 14,99 -20% Gelatina Abacaxi Gelialgas 210g Price: 0 R$ 9,99 R$ 11,99 -17% Queijo Minas Militão Da Canastra 250g Price: 0 R$ 29,99 R$ 32,99 -9% Macedoine Conserva Importado Daucy 290g Price: 0 R$ 16,99 R$ 19,99 -15% Aspargo Verde Conserva 330g Price: 0 R$ 39,99 R$ 49,99 -20% Berinjela A Provencal Conserva Daucy 380g Price: 0 R$ 26,99 R$ 29,99 -10% Aspargo Branco Conserva Daucy 330g Price: 0 R$ 36,99 R$ 39,99 -8% Kombucha Frutas Vermelhas Devi 269ml Price: 0 R$ 11,99 R$ 15,99 -25% Kombucha Pink Lemonade Devi 269 Ml Price: 0 R$ 11,99 R$ 15,99 -25% Gelatina Uva Gelialgas 210 G Price: 0 R$ 9,99 R$ ",,24.99,,,,unknown,
Voltar,"Voltar 1 Comprar Preços no Site e App podem ser diferentes das Lojas Físicas. Preços de produtos pesáveis podem sofrer variações de acordo com o peso real do produto. Shipping Postal Code I don't know my Postal Code Description Cerveja Nacional Dama Bier Weiss 600 Ml “Imagem meramente ilustrativa. O produto final pode apresentar variações de cor, tamanho ou modelo” Descrição Cerveja Nacional Dama Bier Weiss 600 Ml “Imagem meramente ilustrativa. O produto final pode apresentar variações de cor, tamanho ou modelo” Ofertas do mês do cliente com até 65% OFF Ver tudo Cebolinha Cristal Conserva Corbalan 305 G Price: 0 R$ 24,99 R$ 29,99 -17% Mini Coxinha De Frango Com Requeijão Croissant & Cia 400 G Price: 0 R$ 16,99 R$ 24,99 -32% SEM GLÚTEN SEM LACTOSE Panqueca Frango Chef Pilli 400g Price: 0 R$ 15,99 R$ 36,99 -57% Esfiha Chocolate Com 4 Unidades Dozza 200g Price: 0 R$ 19,99 R$ 29,99 -33% Iogurte Integral Com Açúcar Atilatte 500 G Price: 0 R$ 8,99 R$ 13,99 -36% Shake Kids Morango Trustfuel Growh Vida Veg 250ml Price: 0 R$ 11,99 R$ 14,99 -20% Queijo Provolone Fatiado Vegetal Vida Veg 150 G Price: 0 R$ 21,99 R$ 24,99 -12% Refrigerante Natural Limao Siciliano Devi 269ml Price: 0 R$ 8,99 R$ 11,99 -25% Refrigerante Natural Devi Laranja 269 Ml Price: 0 R$ 8,99 R$ 11,99 -25% Shake Kids Chocolate Vegano Trustfuel Vida Veg 250ml Price: 0 R$ 11,99 R$ 14,99 -20% Gelatina Abacaxi Gelialgas 210g Price: 0 R$ 9,99 R$ 11,99 -17% Queijo Minas Militão Da Canastra 250g Price: 0 R$ 29,99 R$ 32,99 -9% Macedoine Conserva Importado Daucy 290g Price: 0 R$ 16,99 R$ 19,99 -15% Aspargo Verde Conserva 330g Price: 0 R$ 39,99 R$ 49,99 -20% Berinjela A Provencal Conserva Daucy 380g Price: 0 R$ 26,99 R$ 29,99 -10% Aspargo Branco Conserva Daucy 330g Price: 0 R$ 36,99 R$ 39,99 -8% Kombucha Frutas Vermelhas Devi 269ml Price: 0 R$ 11,99 R$ 15,99 -25% Kombucha Pink Lemonade Devi 269 Ml Price: 0 R$ 11,99 R$ 15,99 -25% Gelatina Uva Gelialgas 210 G Price: 0 R$ 9,99 R$ 11,99 -17% Whey Protein 100% Baunilha Ice C",,24.99,,,,unknown,
Voltar,"Voltar 1 Comprar Preços no Site e App podem ser diferentes das Lojas Físicas. Preços de produtos pesáveis podem sofrer variações de acordo com o peso real do produto. Shipping Postal Code I don't know my Postal Code Description Cerveja Original 350 Ml “Imagem meramente ilustrativa. O produto final pode apresentar variações de cor, tamanho ou modelo” Descrição Cerveja Original 350 Ml “Imagem meramente ilustrativa. O produto final pode apresentar variações de cor, tamanho ou modelo” Ofertas do mês do cliente com até 65% OFF Ver tudo Cebolinha Cristal Conserva Corbalan 305 G Price: 0 R$ 24,99 R$ 29,99 -17% Mini Coxinha De Frango Com Requeijão Croissant & Cia 400 G Price: 0 R$ 16,99 R$ 24,99 -32% SEM GLÚTEN SEM LACTOSE Panqueca Frango Chef Pilli 400g Price: 0 R$ 15,99 R$ 36,99 -57% Esfiha Chocolate Com 4 Unidades Dozza 200g Price: 0 R$ 19,99 R$ 29,99 -33% Iogurte Integral Com Açúcar Atilatte 500 G Price: 0 R$ 8,99 R$ 13,99 -36% Shake Kids Morango Trustfuel Growh Vida Veg 250ml Price: 0 R$ 11,99 R$ 14,99 -20% Queijo Provolone Fatiado Vegetal Vida Veg 150 G Price: 0 R$ 21,99 R$ 24,99 -12% Refrigerante Natural Limao Siciliano Devi 269ml Price: 0 R$ 8,99 R$ 11,99 -25% Refrigerante Natural Devi Laranja 269 Ml Price: 0 R$ 8,99 R$ 11,99 -25% Shake Kids Chocolate Vegano Trustfuel Vida Veg 250ml Price: 0 R$ 11,99 R$ 14,99 -20% Gelatina Abacaxi Gelialgas 210g Price: 0 R$ 9,99 R$ 11,99 -17% Queijo Minas Militão Da Canastra 250g Price: 0 R$ 29,99 R$ 32,99 -9% Macedoine Conserva Importado Daucy 290g Price: 0 R$ 16,99 R$ 19,99 -15% Aspargo Verde Conserva 330g Price: 0 R$ 39,99 R$ 49,99 -20% Berinjela A Provencal Conserva Daucy 380g Price: 0 R$ 26,99 R$ 29,99 -10% Aspargo Branco Conserva Daucy 330g Price: 0 R$ 36,99 R$ 39,99 -8% Kombucha Frutas Vermelhas Devi 269ml Price: 0 R$ 11,99 R$ 15,99 -25% Kombucha Pink Lemonade Devi 269 Ml Price: 0 R$ 11,99 R$ 15,99 -25% Gelatina Uva Gelialgas 210 G Price: 0 R$ 9,99 R$ 11,99 -17% Whey Protein 100% Baunilha Ice Cream Optimum 907 G Price: 0 R$ 2",,24.99,,,,unknown,
Voltar,"Voltar 1 Comprar Preços no Site e App podem ser diferentes das Lojas Físicas. Preços de produtos pesáveis podem sofrer variações de acordo com o peso real do produto. Shipping Postal Code I don't know my Postal Code Description Filézinho De Frango Sassami Kg “Imagem meramente ilustrativa. O produto final pode apresentar variações de cor, tamanho ou modelo” Descrição Filézinho De Frango Sassami Kg “Imagem meramente ilustrativa. O produto final pode apresentar variações de cor, tamanho ou modelo” Você também pode gostar Ver tudo APROVEITE Coxinha Da Asa Frango Temperado Seleção Dia A Dia 750 G Price: 0 R$ 21,99 R$ 27,99 -21% Filé De Frango Kg Price: 0 R$ 32,99/kg R$ 32,99 un 1 un / 1kg Strogonoff De Frango Kg Price: 0 R$ 39,99/kg R$ 23,99 un 1 un / Aprox. 600g Filézinho De Frango Sassami Kg Price: 0 R$ 39,99/kg R$ 39,99 un 1 un / 1kg Sobrecoxa De Frango Kg Price: 0 R$ 19,99/kg R$ 15,99 un 1 un / Aprox. 800g Peito Frango Sem Osso Kg Price: 0 R$ 39,99/kg R$ 43,98 un 1 un / 1.1kg Coxa Com Sobrecoxa Sem Osso Frango Temperado Seleção Dia A Dia Atm 750 G Price: 0 R$ 27,99 Filé De Peito De Frango Sem Transgênico Congelado Korin 600 G Price: 0 R$ 34,99 Coxa Com Sobrecoxa Kg Price: 0 R$ 17,99/kg R$ 14,39 un 1 un / Aprox. 800g File De Frango Fatiado Kg Price: 0 R$ 39,99/kg R$ 39,99 un 1 un / 1kg Sobrecoxa De Frango Sem Osso E Sem Pele Kg Price: 0 R$ 39,99/kg R$ 43,98 un 1 un / 1.1kg Sobrecoxa De Frango Sem Pele Price: 0 R$ 29,99/kg R$ 14,99 un 1 un / Aprox. 500g Filé De Frango Desfiado Kg Price: 0 R$ 69,99/kg R$ 41,99 un 1 un / Aprox. 600g Peito De Frango Sem Pele Kg Price: 0 R$ 29,99/kg R$ 32,98 un 1 un / 1.1kg Peito De Frango Com Osso Kg Price: 0 R$ 21,99/kg R$ 24,18 un 1 un / 1.1kg Coxinha Da Asa De Frango Kg Price: 0 R$ 29,99/kg R$ 17,99 un 1 un / Aprox. 600g Filé De Peito De Frango Orgânico Congelado Korin 600 G Price: 0 R$ 44,99 Cubos File Frango Kg Price: 0 R$ 39,99/kg R$ 39,99 un 1 un / 1kg Coxa Com Sobrecoxa Sem Pele E Sem Osso Kg Price: 0 R$ 39,99/kg R$ 31,99 un 1 un ",,21.99,,,,unknown,
¿Qué estás buscando?,"¿Qué estás buscando? Ingresar Supermercado Lacteos y huevo Huevos Huevo Blanco El Calvario 30 Piezas El Calvario Cargando comentarios… Huevo Blanco El Calvario 30 Piezas Huevo Blanco El Calvario 30 Piezas Referencia : 3295668 Información Disfruta de la calidad y frescura del mejor huevo en todos tus platillos, una fuente natural de Vitaminas y Proteína para toda tu familia *Las imágenes del producto son únicamente de referencia, el diseños de etiquetas y el contenido (ml, L, Kg, g, piezas, etc) pueden cambiar y/o variar sin previo aviso. Mostrar más Comparte Vendido y entregado por: Chedraui Descripción Especificaciones En El Calvario estamos comprometidos con la satisfacción del Cliente, proporcionando, día a día, la proteína de origen animal de mejor calidad en el país a todas las familias mexicanas.",,,,,,unknown,
Voltar,"Voltar 1 Comprar Preços no Site e App podem ser diferentes das Lojas Físicas. Preços de produtos pesáveis podem sofrer variações de acordo com o peso real do produto. Shipping Postal Code I don't know my Postal Code Description Meio Da Asa Frango Temp Selec Dia A Dia Atm 750g Descrição Meio Da Asa Frango Temp Selec Dia A Dia Atm 750g Você também pode gostar Ver tudo APROVEITE Coxinha Da Asa Frango Temperado Seleção Dia A Dia 750 G Price: 0 R$ 21,99 R$ 27,99 -21% Filé De Frango Kg Price: 0 R$ 32,99/kg R$ 32,99 un 1 un / 1kg Strogonoff De Frango Kg Price: 0 R$ 39,99/kg R$ 23,99 un 1 un / Aprox. 600g Filézinho De Frango Sassami Kg Price: 0 R$ 39,99/kg R$ 39,99 un 1 un / 1kg Sobrecoxa De Frango Kg Price: 0 R$ 19,99/kg R$ 15,99 un 1 un / Aprox. 800g Peito Frango Sem Osso Kg Price: 0 R$ 39,99/kg R$ 43,98 un 1 un / 1.1kg Coxa Com Sobrecoxa Sem Osso Frango Temperado Seleção Dia A Dia Atm 750 G Price: 0 R$ 27,99 Filé De Peito De Frango Sem Transgênico Congelado Korin 600 G Price: 0 R$ 34,99 Coxa Com Sobrecoxa Kg Price: 0 R$ 17,99/kg R$ 14,39 un 1 un / Aprox. 800g File De Frango Fatiado Kg Price: 0 R$ 39,99/kg R$ 39,99 un 1 un / 1kg Sobrecoxa De Frango Sem Osso E Sem Pele Kg Price: 0 R$ 39,99/kg R$ 43,98 un 1 un / 1.1kg Sobrecoxa De Frango Sem Pele Price: 0 R$ 29,99/kg R$ 14,99 un 1 un / Aprox. 500g Filé De Frango Desfiado Kg Price: 0 R$ 69,99/kg R$ 41,99 un 1 un / Aprox. 600g Peito De Frango Sem Pele Kg Price: 0 R$ 29,99/kg R$ 32,98 un 1 un / 1.1kg Peito De Frango Com Osso Kg Price: 0 R$ 21,99/kg R$ 24,18 un 1 un / 1.1kg Coxinha Da Asa De Frango Kg Price: 0 R$ 29,99/kg R$ 17,99 un 1 un / Aprox. 600g Filé De Peito De Frango Orgânico Congelado Korin 600 G Price: 0 R$ 44,99 Cubos File Frango Kg Price: 0 R$ 39,99/kg R$ 39,99 un 1 un / 1kg Coxa Com Sobrecoxa Sem Pele E Sem Osso Kg Price: 0 R$ 39,99/kg R$ 31,99 un 1 un / Aprox. 800g Coxinha Da Asa De Frango Temperada Kg Price: 0 R$ 34,99/kg R$ 20,99 un 1 un / Aprox. 600g Filé De Peito De Frango Congelado Sem Transgênico Oba Bem Qu",,21.99,,,,unknown,
Voltar,"Voltar 1 Comprar Preços no Site e App podem ser diferentes das Lojas Físicas. Preços de produtos pesáveis podem sofrer variações de acordo com o peso real do produto. Shipping Postal Code I don't know my Postal Code Description Nuggets De Frango Tradicional Sadia 300g “Imagem meramente ilustrativa. O produto final pode apresentar variações de cor, tamanho ou modelo” Descrição Nuggets De Frango Tradicional Sadia 300g “Imagem meramente ilustrativa. O produto final pode apresentar variações de cor, tamanho ou modelo” Aproveite nossas ofertas! Ver tudo SEM GLÚTEN SEM LACTOSE Panqueca Frango Chef Pilli 400g Price: 0 R$ 15,99 R$ 36,99 -57% Saco Para Lixo Repelente Embalixo 50 Litros 30 Uns Price: 0 R$ 19,99 R$ 39,99 -50% Saco Para Lixo Sustentável Embalixo 30 Litros 30 Uns Price: 0 R$ 9,99 R$ 18,99 -47% Mandioca Cozida E Congelada Ecco Premium 1 Kg Price: 0 R$ 12,99 R$ 22,99 -43% Amêndoa Sem Pele Laminada Oba Bem Querer 200 G Price: 0 R$ 19,99 R$ 34,99 -43% Amêndoa Chilena Torrada E Salgada Oba Bem Querer 200 G Price: 0 R$ 19,99 R$ 34,99 -43% Sacos De Polietileno Wyda 3 Kg 100 Uns Price: 0 R$ 9,99 R$ 16,99 -41% Água De Coco Verde Vitcoco 200 Ml Price: 0 R$ 2,99 R$ 4,99 -40% Biscoito Recheado Duplo Chocolate Bauducco 140 G Price: 0 R$ 2,99 R$ 4,99 -40% Hambúrguer De Berinjela Com Linhaça Mr Veggy 400 G Price: 0 R$ 16,99 R$ 27,99 -39% Bolinho De Grão De Bico Falafel Mr Veggy Price: 0 R$ 16,99 R$ 27,99 -39% Bebida Láctea Coco Com Batata Doce Yopro 250ml Price: 0 R$ 7,99 R$ 12,99 -38% Crepe Congelado De Nutella Èze 240g Price: 0 R$ 11,99 R$ 18,99 -37% Crepe Congelado De Peito De Peru Com Catupiry Èze 240g Price: 0 R$ 11,99 R$ 18,99 -37% Crepe Congelado Calabresa Com Catupiry Èze 240g Price: 0 R$ 11,99 R$ 18,99 -37% Crepe Congelado De Doce De Leite Èze 240g Price: 0 R$ 11,99 R$ 18,99 -37% Iogurte Integral Com Açúcar Atilatte 500 G Price: 0 R$ 8,99 R$ 13,99 -36% Azeitona Verde Com Caroço Em Conserva Oba Bem Querer 250g Price: 0 R$ 12,99 R$ 19,99 -35% Fondue De Queijo Holandês O",,15.99,,,,unknown,
Voltar,"Voltar 1 Comprar Preços no Site e App podem ser diferentes das Lojas Físicas. Preços de produtos pesáveis podem sofrer variações de acordo com o peso real do produto. Shipping Postal Code I don't know my Postal Code Description Coxa Com Sobrecoxa Sem Osso Frango Temperado Seleção Dia A Dia Atm 750 G “Imagem meramente ilustrativa. O produto final pode apresentar variações de cor, tamanho ou modelo” Descrição Coxa Com Sobrecoxa Sem Osso Frango Temperado Seleção Dia A Dia Atm 750 G “Imagem meramente ilustrativa. O produto final pode apresentar variações de cor, tamanho ou modelo” Você também pode gostar Ver tudo APROVEITE Coxinha Da Asa Frango Temperado Seleção Dia A Dia 750 G Price: 0 R$ 21,99 R$ 27,99 -21% Filé De Frango Kg Price: 0 R$ 32,99/kg R$ 32,99 un 1 un / 1kg Strogonoff De Frango Kg Price: 0 R$ 39,99/kg R$ 23,99 un 1 un / Aprox. 600g Filézinho De Frango Sassami Kg Price: 0 R$ 39,99/kg R$ 39,99 un 1 un / 1kg Sobrecoxa De Frango Kg Price: 0 R$ 19,99/kg R$ 15,99 un 1 un / Aprox. 800g Peito Frango Sem Osso Kg Price: 0 R$ 39,99/kg R$ 43,98 un 1 un / 1.1kg Coxa Com Sobrecoxa Sem Osso Frango Temperado Seleção Dia A Dia Atm 750 G Price: 0 R$ 27,99/ R$ 27,99 un 1 un / 1 Filé De Peito De Frango Sem Transgênico Congelado Korin 600 G Price: 0 R$ 34,99 Coxa Com Sobrecoxa Kg Price: 0 R$ 17,99/kg R$ 14,39 un 1 un / Aprox. 800g File De Frango Fatiado Kg Price: 0 R$ 39,99/kg R$ 39,99 un 1 un / 1kg Sobrecoxa De Frango Sem Osso E Sem Pele Kg Price: 0 R$ 39,99/kg R$ 43,98 un 1 un / 1.1kg Sobrecoxa De Frango Sem Pele Price: 0 R$ 29,99/kg R$ 14,99 un 1 un / Aprox. 500g Filé De Frango Desfiado Kg Price: 0 R$ 69,99/kg R$ 41,99 un 1 un / Aprox. 600g Peito De Frango Sem Pele Kg Price: 0 R$ 29,99/kg R$ 32,98 un 1 un / 1.1kg Peito De Frango Com Osso Kg Price: 0 R$ 21,99/kg R$ 24,18 un 1 un / 1.1kg Coxinha Da Asa De Frango Kg Price: 0 R$ 29,99/kg R$ 17,99 un 1 un / Aprox. 600g Filé De Peito De Frango Orgânico Congelado Korin 600 G Price: 0 R$ 44,99 Cubos File Frango Kg Price: 0 R$ 39,99/",,21.99,,,,unknown,
Voltar,"Voltar 1 Comprar Preços no Site e App podem ser diferentes das Lojas Físicas. Preços de produtos pesáveis podem sofrer variações de acordo com o peso real do produto. Shipping Postal Code I don't know my Postal Code Description Açúcar Refinado Especial União 1kg “Imagem meramente ilustrativa. O produto final pode apresentar variações de cor, tamanho ou modelo” Descrição Açúcar Refinado Especial União 1kg “Imagem meramente ilustrativa. O produto final pode apresentar variações de cor, tamanho ou modelo” Aproveite nossas ofertas! Ver tudo SEM GLÚTEN SEM LACTOSE Panqueca Frango Chef Pilli 400g Price: 0 R$ 15,99 R$ 36,99 -57% Saco Para Lixo Repelente Embalixo 50 Litros 30 Uns Price: 0 R$ 19,99 R$ 39,99 -50% Saco Para Lixo Sustentável Embalixo 30 Litros 30 Uns Price: 0 R$ 9,99 R$ 18,99 -47% Mandioca Cozida E Congelada Ecco Premium 1 Kg Price: 0 R$ 12,99 R$ 22,99 -43% Amêndoa Sem Pele Laminada Oba Bem Querer 200 G Price: 0 R$ 19,99 R$ 34,99 -43% Amêndoa Chilena Torrada E Salgada Oba Bem Querer 200 G Price: 0 R$ 19,99 R$ 34,99 -43% Sacos De Polietileno Wyda 3 Kg 100 Uns Price: 0 R$ 9,99 R$ 16,99 -41% Água De Coco Verde Vitcoco 200 Ml Price: 0 R$ 2,99 R$ 4,99 -40% Biscoito Recheado Duplo Chocolate Bauducco 140 G Price: 0 R$ 2,99 R$ 4,99 -40% Hambúrguer De Berinjela Com Linhaça Mr Veggy 400 G Price: 0 R$ 16,99 R$ 27,99 -39% Bolinho De Grão De Bico Falafel Mr Veggy Price: 0 R$ 16,99 R$ 27,99 -39% Bebida Láctea Coco Com Batata Doce Yopro 250ml Price: 0 R$ 7,99 R$ 12,99 -38% Crepe Congelado De Nutella Èze 240g Price: 0 R$ 11,99 R$ 18,99 -37% Crepe Congelado De Peito De Peru Com Catupiry Èze 240g Price: 0 R$ 11,99 R$ 18,99 -37% Crepe Congelado Calabresa Com Catupiry Èze 240g Price: 0 R$ 11,99 R$ 18,99 -37% Crepe Congelado De Doce De Leite Èze 240g Price: 0 R$ 11,99 R$ 18,99 -37% Iogurte Integral Com Açúcar Atilatte 500 G Price: 0 R$ 8,99 R$ 13,99 -36% Azeitona Verde Com Caroço Em Conserva Oba Bem Querer 250g Price: 0 R$ 12,99 R$ 19,99 -35% Fondue De Queijo Holandês Old Dutch Oba",,15.99,,,,unknown,
Voltar,"Voltar 1 Comprar Preços no Site e App podem ser diferentes das Lojas Físicas. Preços de produtos pesáveis podem sofrer variações de acordo com o peso real do produto. Shipping Postal Code I don't know my Postal Code Description Açúcar Demerara Orgânico Dourado Native 1 Kg “Imagem meramente ilustrativa. O produto final pode apresentar variações de cor, tamanho ou modelo” Descrição Açúcar Demerara Orgânico Dourado Native 1 Kg “Imagem meramente ilustrativa. O produto final pode apresentar variações de cor, tamanho ou modelo” Aproveite nossas ofertas! Ver tudo SEM GLÚTEN SEM LACTOSE Panqueca Frango Chef Pilli 400g Price: 0 R$ 36,99/ R$ 15,99/ R$ 15,99 un -57% 1 un / 1 Saco Para Lixo Repelente Embalixo 50 Litros 30 Uns Price: 0 R$ 19,99 R$ 39,99 -50% Saco Para Lixo Sustentável Embalixo 30 Litros 30 Uns Price: 0 R$ 9,99 R$ 18,99 -47% Mandioca Cozida E Congelada Ecco Premium 1 Kg Price: 0 R$ 12,99 R$ 22,99 -43% Amêndoa Sem Pele Laminada Oba Bem Querer 200 G Price: 0 R$ 19,99 R$ 34,99 -43% Amêndoa Chilena Torrada E Salgada Oba Bem Querer 200 G Price: 0 R$ 19,99 R$ 34,99 -43% Sacos De Polietileno Wyda 3 Kg 100 Uns Price: 0 R$ 9,99 R$ 16,99 -41% Água De Coco Verde Vitcoco 200 Ml Price: 0 R$ 2,99 R$ 4,99 -40% Biscoito Recheado Duplo Chocolate Bauducco 140 G Price: 0 R$ 2,99 R$ 4,99 -40% Hambúrguer De Berinjela Com Linhaça Mr Veggy 400 G Price: 0 R$ 16,99 R$ 27,99 -39% Bolinho De Grão De Bico Falafel Mr Veggy Price: 0 R$ 16,99 R$ 27,99 -39% Bebida Láctea Coco Com Batata Doce Yopro 250ml Price: 0 R$ 7,99 R$ 12,99 -38% Crepe Congelado De Nutella Èze 240g Price: 0 R$ 11,99 R$ 18,99 -37% Crepe Congelado De Peito De Peru Com Catupiry Èze 240g Price: 0 R$ 11,99 R$ 18,99 -37% Crepe Congelado Calabresa Com Catupiry Èze 240g Price: 0 R$ 11,99 R$ 18,99 -37% Crepe Congelado De Doce De Leite Èze 240g Price: 0 R$ 11,99 R$ 18,99 -37% Iogurte Integral Com Açúcar Atilatte 500 G Price: 0 R$ 8,99 R$ 13,99 -36% Azeitona Verde Com Caroço Em Conserva Oba Bem Querer 250g Price: 0 R$ 12,99 R$ 19,99 -",,36.99,,,,unknown,
Voltar,"Voltar Description Açúcar Mascavo Orgânico Native Organic 500 G “Imagem meramente ilustrativa. O produto final pode apresentar variações de cor, tamanho ou modelo” Descrição Açúcar Mascavo Orgânico Native Organic 500 G “Imagem meramente ilustrativa. O produto final pode apresentar variações de cor, tamanho ou modelo” Aproveite nossas ofertas! Ver tudo SEM GLÚTEN SEM LACTOSE Panqueca Frango Chef Pilli 400g Price: 0 R$ 15,99 R$ 36,99 -57% Saco Para Lixo Repelente Embalixo 50 Litros 30 Uns Price: 0 R$ 19,99 R$ 39,99 -50% Saco Para Lixo Sustentável Embalixo 30 Litros 30 Uns Price: 0 R$ 9,99 R$ 18,99 -47% Mandioca Cozida E Congelada Ecco Premium 1 Kg Price: 0 R$ 12,99 R$ 22,99 -43% Amêndoa Sem Pele Laminada Oba Bem Querer 200 G Price: 0 R$ 19,99 R$ 34,99 -43% Amêndoa Chilena Torrada E Salgada Oba Bem Querer 200 G Price: 0 R$ 19,99 R$ 34,99 -43% Sacos De Polietileno Wyda 3 Kg 100 Uns Price: 0 R$ 9,99 R$ 16,99 -41% Água De Coco Verde Vitcoco 200 Ml Price: 0 R$ 2,99 R$ 4,99 -40% Biscoito Recheado Duplo Chocolate Bauducco 140 G Price: 0 R$ 2,99 R$ 4,99 -40% Hambúrguer De Berinjela Com Linhaça Mr Veggy 400 G Price: 0 R$ 16,99 R$ 27,99 -39% Bolinho De Grão De Bico Falafel Mr Veggy Price: 0 R$ 16,99 R$ 27,99 -39% Bebida Láctea Coco Com Batata Doce Yopro 250ml Price: 0 R$ 7,99 R$ 12,99 -38% Crepe Congelado De Nutella Èze 240g Price: 0 R$ 11,99 R$ 18,99 -37% Crepe Congelado De Peito De Peru Com Catupiry Èze 240g Price: 0 R$ 11,99 R$ 18,99 -37% Crepe Congelado Calabresa Com Catupiry Èze 240g Price: 0 R$ 11,99 R$ 18,99 -37% Crepe Congelado De Doce De Leite Èze 240g Price: 0 R$ 11,99 R$ 18,99 -37% Iogurte Integral Com Açúcar Atilatte 500 G Price: 0 R$ 8,99 R$ 13,99 -36% Azeitona Verde Com Caroço Em Conserva Oba Bem Querer 250g Price: 0 R$ 12,99 R$ 19,99 -35% Fondue De Queijo Holandês Old Dutch Oba Bem Querer 400 G Price: 0 R$ 32,99 R$ 49,99 -34% Fondue De Queijo Maasdam Oba Bem Querer 400 G Price: 0 R$ 32,99 R$ 49,99 -34% SEM LACTOSE Iogurte Grego Oba Bem Querer Natural Sem Lactose ",,15.99,,,,unknown,
This app could not find url /acucar-cristal-organico-itaja-1-kg-100002544/p,"This app could not find url /acucar-cristal-organico-itaja-1-kg-100002544/p Clicando em ""Aceito todos os Cookies"", você concorda com o armazenamento de cookies no seu dispositivo para melhorar a experiência e navegação no site. Preferências Rejeitar Todos Aceitar Todos Preferências de Cookies Política de Privacidade Incidentes Preferências de Cookies Você pode configurar suas preferências de privacidade, verificando e selecionando quais cookies você deseja que este site utilize ou não. Você pode modificar suas preferências de privacidade a qualquer momento. Cookies Necessários Estes cookies são aqueles necessários para o site funcionar e não podem ser desligados em nossos sistemas. Eles geralmente são definidos apenas em resposta às ações feitas por você, como por exemplo, definir suas preferências de privacidade, fazer login ou preencher formulários. Caso queira, pode configurar seu navegador para bloqueá-lo ou alertá-lo sobre esses cookies, mas algumas partes do site podem não funcionar de forma adequada. + Vtex ● VtexRCMacIdv7 Domínio .www.obahortifruti.com.br Duração 13 ano(s) 2 mes(es) 14 dia(s) Tipo Html ● VtexRCSessionIdv7 Domínio .www.obahortifruti.com.br Duração 13 ano(s) 3 mes(es) 20 dia(s) Tipo Html ● VtexRCMacIdv7 Domínio .obahortifruti.com.br Duração 1 mes(es) 28 dia(s) Tipo Html ● VtexRCSessionIdv7 Domínio .obahortifruti.com.br Duração 10 mes(es) Tipo Html + privally.global ● __Secure-Spvll Domínio .api.privally.global Duração 13 ano(s) 2 mes(es) 29 dia(s) Tipo Http Seguro ● __Secure-Spvll Domínio .www.obahortifruti.com.br Duração 13 ano(s) 2 mes(es) 3 dia(s) Tipo Html Seguro ● __Secure-Senv Domínio .api.privally.global Duração 13 ano(s) 3 mes(es) 8 dia(s) Tipo Http Seguro Cookies Analíticos Os cookies analíticos fornecem informações sobre como este site está sendo usado para que possamos melhorar a experiência do usuário. Os dados capturados são agregados e anonimizados. + Google Analytics Termos de Uso Política de Privacidade ● _ga Domínio .obahortif",,,,,,unknown,
This app could not find url /acucar-extra-fino-mais-doce-1-kg-3783/p,"This app could not find url /acucar-extra-fino-mais-doce-1-kg-3783/p Clicando em ""Aceito todos os Cookies"", você concorda com o armazenamento de cookies no seu dispositivo para melhorar a experiência e navegação no site. Preferências Rejeitar Todos Aceitar Todos Preferências de Cookies Política de Privacidade Incidentes Preferências de Cookies Você pode configurar suas preferências de privacidade, verificando e selecionando quais cookies você deseja que este site utilize ou não. Você pode modificar suas preferências de privacidade a qualquer momento. Cookies Necessários Estes cookies são aqueles necessários para o site funcionar e não podem ser desligados em nossos sistemas. Eles geralmente são definidos apenas em resposta às ações feitas por você, como por exemplo, definir suas preferências de privacidade, fazer login ou preencher formulários. Caso queira, pode configurar seu navegador para bloqueá-lo ou alertá-lo sobre esses cookies, mas algumas partes do site podem não funcionar de forma adequada. + Vtex ● VtexRCMacIdv7 Domínio .www.obahortifruti.com.br Duração 13 ano(s) 2 mes(es) 14 dia(s) Tipo Html ● VtexRCSessionIdv7 Domínio .www.obahortifruti.com.br Duração 13 ano(s) 3 mes(es) 20 dia(s) Tipo Html ● VtexRCMacIdv7 Domínio .obahortifruti.com.br Duração 1 mes(es) 28 dia(s) Tipo Html ● VtexRCSessionIdv7 Domínio .obahortifruti.com.br Duração 10 mes(es) Tipo Html + privally.global ● __Secure-Spvll Domínio .api.privally.global Duração 13 ano(s) 2 mes(es) 29 dia(s) Tipo Http Seguro ● __Secure-Spvll Domínio .www.obahortifruti.com.br Duração 13 ano(s) 2 mes(es) 3 dia(s) Tipo Html Seguro ● __Secure-Senv Domínio .api.privally.global Duração 13 ano(s) 3 mes(es) 8 dia(s) Tipo Http Seguro Cookies Analíticos Os cookies analíticos fornecem informações sobre como este site está sendo usado para que possamos melhorar a experiência do usuário. Os dados capturados são agregados e anonimizados. + Google Analytics Termos de Uso Política de Privacidade ● _ga Domínio .obahortifruti.co",,,,,,unknown,
Voltar,"Voltar 1 Comprar Preços no Site e App podem ser diferentes das Lojas Físicas. Preços de produtos pesáveis podem sofrer variações de acordo com o peso real do produto. Shipping Postal Code I don't know my Postal Code Description Feijão Preto Oba Bem Querer 1 Kg “Imagem meramente ilustrativa. O produto final pode apresentar variações de cor, tamanho ou modelo” Descrição Feijão Preto Oba Bem Querer 1 Kg “Imagem meramente ilustrativa. O produto final pode apresentar variações de cor, tamanho ou modelo” Aproveite nossas ofertas! Ver tudo SEM GLÚTEN SEM LACTOSE Panqueca Frango Chef Pilli 400g Price: 0 R$ 15,99 R$ 36,99 -57% Saco Para Lixo Repelente Embalixo 50 Litros 30 Uns Price: 0 R$ 19,99 R$ 39,99 -50% Saco Para Lixo Sustentável Embalixo 30 Litros 30 Uns Price: 0 R$ 9,99 R$ 18,99 -47% Mandioca Cozida E Congelada Ecco Premium 1 Kg Price: 0 R$ 12,99 R$ 22,99 -43% Amêndoa Sem Pele Laminada Oba Bem Querer 200 G Price: 0 R$ 19,99 R$ 34,99 -43% Amêndoa Chilena Torrada E Salgada Oba Bem Querer 200 G Price: 0 R$ 19,99 R$ 34,99 -43% Sacos De Polietileno Wyda 3 Kg 100 Uns Price: 0 R$ 9,99 R$ 16,99 -41% Água De Coco Verde Vitcoco 200 Ml Price: 0 R$ 2,99 R$ 4,99 -40% Biscoito Recheado Duplo Chocolate Bauducco 140 G Price: 0 R$ 2,99 R$ 4,99 -40% Hambúrguer De Berinjela Com Linhaça Mr Veggy 400 G Price: 0 R$ 16,99 R$ 27,99 -39% Bolinho De Grão De Bico Falafel Mr Veggy Price: 0 R$ 16,99 R$ 27,99 -39% Bebida Láctea Coco Com Batata Doce Yopro 250ml Price: 0 R$ 7,99 R$ 12,99 -38% Crepe Congelado De Nutella Èze 240g Price: 0 R$ 11,99 R$ 18,99 -37% Crepe Congelado De Peito De Peru Com Catupiry Èze 240g Price: 0 R$ 11,99 R$ 18,99 -37% Crepe Congelado Calabresa Com Catupiry Èze 240g Price: 0 R$ 11,99 R$ 18,99 -37% Crepe Congelado De Doce De Leite Èze 240g Price: 0 R$ 11,99 R$ 18,99 -37% Iogurte Integral Com Açúcar Atilatte 500 G Price: 0 R$ 8,99 R$ 13,99 -36% Azeitona Verde Com Caroço Em Conserva Oba Bem Querer 250g Price: 0 R$ 12,99 R$ 19,99 -35% Fondue De Queijo Holandês Old Dutch Oba Bem",,15.99,,,,unknown,
Voltar,"Voltar 1 Comprar Preços no Site e App podem ser diferentes das Lojas Físicas. Preços de produtos pesáveis podem sofrer variações de acordo com o peso real do produto. Shipping Postal Code I don't know my Postal Code Description Feijão Carioca Broto Legal 1 Kg “Imagem meramente ilustrativa. O produto final pode apresentar variações de cor, tamanho ou modelo” Descrição Feijão Carioca Broto Legal 1 Kg “Imagem meramente ilustrativa. O produto final pode apresentar variações de cor, tamanho ou modelo” Aproveite nossas ofertas! Ver tudo SEM GLÚTEN SEM LACTOSE Panqueca Frango Chef Pilli 400g Price: 0 R$ 15,99 R$ 36,99 -57% Saco Para Lixo Repelente Embalixo 50 Litros 30 Uns Price: 0 R$ 19,99 R$ 39,99 -50% Saco Para Lixo Sustentável Embalixo 30 Litros 30 Uns Price: 0 R$ 9,99 R$ 18,99 -47% Mandioca Cozida E Congelada Ecco Premium 1 Kg Price: 0 R$ 12,99 R$ 22,99 -43% Amêndoa Sem Pele Laminada Oba Bem Querer 200 G Price: 0 R$ 19,99 R$ 34,99 -43% Amêndoa Chilena Torrada E Salgada Oba Bem Querer 200 G Price: 0 R$ 19,99 R$ 34,99 -43% Sacos De Polietileno Wyda 3 Kg 100 Uns Price: 0 R$ 9,99 R$ 16,99 -41% Água De Coco Verde Vitcoco 200 Ml Price: 0 R$ 2,99 R$ 4,99 -40% Biscoito Recheado Duplo Chocolate Bauducco 140 G Price: 0 R$ 2,99 R$ 4,99 -40% Hambúrguer De Berinjela Com Linhaça Mr Veggy 400 G Price: 0 R$ 16,99 R$ 27,99 -39% Bolinho De Grão De Bico Falafel Mr Veggy Price: 0 R$ 16,99 R$ 27,99 -39% Bebida Láctea Coco Com Batata Doce Yopro 250ml Price: 0 R$ 7,99 R$ 12,99 -38% Crepe Congelado De Nutella Èze 240g Price: 0 R$ 11,99 R$ 18,99 -37% Crepe Congelado De Peito De Peru Com Catupiry Èze 240g Price: 0 R$ 11,99 R$ 18,99 -37% Crepe Congelado Calabresa Com Catupiry Èze 240g Price: 0 R$ 11,99 R$ 18,99 -37% Crepe Congelado De Doce De Leite Èze 240g Price: 0 R$ 11,99 R$ 18,99 -37% Iogurte Integral Com Açúcar Atilatte 500 G Price: 0 R$ 8,99 R$ 13,99 -36% Azeitona Verde Com Caroço Em Conserva Oba Bem Querer 250g Price: 0 R$ 12,99 R$ 19,99 -35% Fondue De Queijo Holandês Old Dutch Oba Bem Q",,15.99,,,,unknown,
"Este sitio web utiliza cookies propias para optimizar la experiencia de nuestros clientes, analizar estadísticas de navegación del sitio y de terceros para brindar contenidos personalizados de acuerdo","Este sitio web utiliza cookies propias para optimizar la experiencia de nuestros clientes, analizar estadísticas de navegación del sitio y de terceros para brindar contenidos personalizados de acuerdo con sus preferencias. Al dar click en [Aceptar], autoriza el uso de cookies durante su navegación. Para más información, consulte nuestra Política de Cookies en el Aviso de Privacidad . Aceptar Supermercado Lacteos y huevo Huevos Huevo Rojo Del Rancho 30 Piezas Del Rancho Huevo Rojo Del Rancho 30 Piezas Huevo Rojo Del Rancho 30 Piezas Referencia : 3793290 Información Huevo Rojo Del Rancho 30 Piezas Mostrar más Características Importantes Menos grasa saturada Disfruta en una variedad de recetas Comparte Vendido y entregado por: Chedraui $190.00 Agregar Descripción Especificaciones Encuentra todo lo que necesitas para tu despensa en tu tienda online Chedraui.com.mx. Recibe en casa gracias al servicio a domicilio. Descarga la app. Productos relacionados Huevo de Gallina Blanco Monter 12 Piezas Libre Pastoreo Huevo de Gallina Blanco Monter 12 Piezas Libre Pastoreo 1 pz con 12 uds $75.00 Huevo de Gallina Rojo Monter 12 Piezas Libre Pastoreo Huevo de Gallina Rojo Monter 12 Piezas Libre Pastoreo 1 pz con 12 uds $83.00 Huevo Blanco Fresco de Libre Pastoreo Nutri Campo 18 Piezas Huevo Blanco Fresco de Libre Pastoreo Nutri Campo 18 Piezas $121.00 Huevo Blanco Dorado Bachoco 30 piezas Huevo Blanco Dorado Bachoco 30 piezas 30 Piezas $86.00 $89.00 Huevo Blanco sin Playo 30 Piezas Huevo Blanco sin Playo 30 Piezas $68.00 Huevo Khalbes de Rancho Rojo 6 Piezas Huevo Khalbes de Rancho Rojo 6 Piezas 6 pz $101.00 Huevo San Juan Blanco 12 Piezas Huevo San Juan Blanco 12 Piezas 1 pieza con 12 ud $38.50 $40.50 Huevo Blanco Bachoco 30 piezas Huevo Blanco Bachoco 30 piezas 1 pieza con 30 ud $106.00 Huevo Blanco El Calvario 18 Piezas Huevo Blanco El Calvario 18 Piezas 1 pieza con 18 ud $58.00 Huevo de Gallina Blanco Monter 12 Piezas Libre Pastoreo Huevo de Gallina Blanco Monter 12 Piezas Libre ",,19000,,,,unknown,
Voltar,"Voltar Description Feijão Preto 1 Kg Camil “Imagem meramente ilustrativa. O produto final pode apresentar variações de cor, tamanho ou modelo” Descrição Feijão Preto 1 Kg Camil “Imagem meramente ilustrativa. O produto final pode apresentar variações de cor, tamanho ou modelo” Aproveite nossas ofertas! Ver tudo SEM GLÚTEN SEM LACTOSE Panqueca Frango Chef Pilli 400g Price: 0 R$ 15,99 R$ 36,99 -57% Saco Para Lixo Repelente Embalixo 50 Litros 30 Uns Price: 0 R$ 19,99 R$ 39,99 -50% Saco Para Lixo Sustentável Embalixo 30 Litros 30 Uns Price: 0 R$ 9,99 R$ 18,99 -47% Mandioca Cozida E Congelada Ecco Premium 1 Kg Price: 0 R$ 12,99 R$ 22,99 -43% Amêndoa Sem Pele Laminada Oba Bem Querer 200 G Price: 0 R$ 19,99 R$ 34,99 -43% Amêndoa Chilena Torrada E Salgada Oba Bem Querer 200 G Price: 0 R$ 19,99 R$ 34,99 -43% Sacos De Polietileno Wyda 3 Kg 100 Uns Price: 0 R$ 9,99 R$ 16,99 -41% Água De Coco Verde Vitcoco 200 Ml Price: 0 R$ 2,99 R$ 4,99 -40% Biscoito Recheado Duplo Chocolate Bauducco 140 G Price: 0 R$ 2,99 R$ 4,99 -40% Hambúrguer De Berinjela Com Linhaça Mr Veggy 400 G Price: 0 R$ 16,99 R$ 27,99 -39% Bolinho De Grão De Bico Falafel Mr Veggy Price: 0 R$ 16,99 R$ 27,99 -39% Bebida Láctea Coco Com Batata Doce Yopro 250ml Price: 0 R$ 7,99 R$ 12,99 -38% Crepe Congelado De Nutella Èze 240g Price: 0 R$ 11,99 R$ 18,99 -37% Crepe Congelado De Peito De Peru Com Catupiry Èze 240g Price: 0 R$ 11,99 R$ 18,99 -37% Crepe Congelado Calabresa Com Catupiry Èze 240g Price: 0 R$ 11,99 R$ 18,99 -37% Crepe Congelado De Doce De Leite Èze 240g Price: 0 R$ 11,99 R$ 18,99 -37% Iogurte Integral Com Açúcar Atilatte 500 G Price: 0 R$ 8,99 R$ 13,99 -36% Azeitona Verde Com Caroço Em Conserva Oba Bem Querer 250g Price: 0 R$ 12,99 R$ 19,99 -35% Fondue De Queijo Holandês Old Dutch Oba Bem Querer 400 G Price: 0 R$ 32,99 R$ 49,99 -34% Fondue De Queijo Maasdam Oba Bem Querer 400 G Price: 0 R$ 32,99 R$ 49,99 -34% SEM LACTOSE Iogurte Grego Oba Bem Querer Natural Sem Lactose 130g Price: 0 R$ 7,99 R$ 11,99 -33% SEM LA",,15.99,,,,unknown,
Voltar,"Voltar 1 Comprar Preços no Site e App podem ser diferentes das Lojas Físicas. Preços de produtos pesáveis podem sofrer variações de acordo com o peso real do produto. Shipping Postal Code I don't know my Postal Code Description Feijão Preto Orgânico Cozido Vapza 250 G “Imagem meramente ilustrativa. O produto final pode apresentar variações de cor, tamanho ou modelo” Descrição Feijão Preto Orgânico Cozido Vapza 250 G “Imagem meramente ilustrativa. O produto final pode apresentar variações de cor, tamanho ou modelo” Aproveite nossas ofertas! Ver tudo SEM GLÚTEN SEM LACTOSE Panqueca Frango Chef Pilli 400g Price: 0 R$ 15,99 R$ 36,99 -57% Saco Para Lixo Repelente Embalixo 50 Litros 30 Uns Price: 0 R$ 19,99 R$ 39,99 -50% Saco Para Lixo Sustentável Embalixo 30 Litros 30 Uns Price: 0 R$ 9,99 R$ 18,99 -47% Mandioca Cozida E Congelada Ecco Premium 1 Kg Price: 0 R$ 12,99 R$ 22,99 -43% Amêndoa Sem Pele Laminada Oba Bem Querer 200 G Price: 0 R$ 19,99 R$ 34,99 -43% Amêndoa Chilena Torrada E Salgada Oba Bem Querer 200 G Price: 0 R$ 19,99 R$ 34,99 -43% Sacos De Polietileno Wyda 3 Kg 100 Uns Price: 0 R$ 9,99 R$ 16,99 -41% Água De Coco Verde Vitcoco 200 Ml Price: 0 R$ 2,99 R$ 4,99 -40% Biscoito Recheado Duplo Chocolate Bauducco 140 G Price: 0 R$ 2,99 R$ 4,99 -40% Hambúrguer De Berinjela Com Linhaça Mr Veggy 400 G Price: 0 R$ 16,99 R$ 27,99 -39% Bolinho De Grão De Bico Falafel Mr Veggy Price: 0 R$ 16,99 R$ 27,99 -39% Bebida Láctea Coco Com Batata Doce Yopro 250ml Price: 0 R$ 7,99 R$ 12,99 -38% Crepe Congelado De Nutella Èze 240g Price: 0 R$ 11,99 R$ 18,99 -37% Crepe Congelado De Peito De Peru Com Catupiry Èze 240g Price: 0 R$ 11,99 R$ 18,99 -37% Crepe Congelado Calabresa Com Catupiry Èze 240g Price: 0 R$ 11,99 R$ 18,99 -37% Crepe Congelado De Doce De Leite Èze 240g Price: 0 R$ 11,99 R$ 18,99 -37% Iogurte Integral Com Açúcar Atilatte 500 G Price: 0 R$ 8,99 R$ 13,99 -36% Azeitona Verde Com Caroço Em Conserva Oba Bem Querer 250g Price: 0 R$ 12,99 R$ 19,99 -35% Fondue De Queijo Holandês O",,15.99,,,,unknown,
Voltar,"Voltar 1 Comprar Preços no Site e App podem ser diferentes das Lojas Físicas. Preços de produtos pesáveis podem sofrer variações de acordo com o peso real do produto. Shipping Postal Code I don't know my Postal Code Description Sopa De Feijão Com Macarrão Spa Line 450g “Imagem meramente ilustrativa. O produto final pode apresentar variações de cor, tamanho ou modelo” Descrição Sopa De Feijão Com Macarrão Spa Line 450g “Imagem meramente ilustrativa. O produto final pode apresentar variações de cor, tamanho ou modelo” Aproveite nossas ofertas! Ver tudo SEM GLÚTEN SEM LACTOSE Panqueca Frango Chef Pilli 400g Price: 0 R$ 15,99 R$ 36,99 -57% Saco Para Lixo Repelente Embalixo 50 Litros 30 Uns Price: 0 R$ 19,99 R$ 39,99 -50% Saco Para Lixo Sustentável Embalixo 30 Litros 30 Uns Price: 0 R$ 9,99 R$ 18,99 -47% Mandioca Cozida E Congelada Ecco Premium 1 Kg Price: 0 R$ 12,99 R$ 22,99 -43% Amêndoa Sem Pele Laminada Oba Bem Querer 200 G Price: 0 R$ 19,99 R$ 34,99 -43% Amêndoa Chilena Torrada E Salgada Oba Bem Querer 200 G Price: 0 R$ 19,99 R$ 34,99 -43% Sacos De Polietileno Wyda 3 Kg 100 Uns Price: 0 R$ 9,99 R$ 16,99 -41% Água De Coco Verde Vitcoco 200 Ml Price: 0 R$ 2,99 R$ 4,99 -40% Biscoito Recheado Duplo Chocolate Bauducco 140 G Price: 0 R$ 2,99 R$ 4,99 -40% Hambúrguer De Berinjela Com Linhaça Mr Veggy 400 G Price: 0 R$ 16,99 R$ 27,99 -39% Bolinho De Grão De Bico Falafel Mr Veggy Price: 0 R$ 16,99 R$ 27,99 -39% Bebida Láctea Coco Com Batata Doce Yopro 250ml Price: 0 R$ 7,99 R$ 12,99 -38% Crepe Congelado De Nutella Èze 240g Price: 0 R$ 11,99 R$ 18,99 -37% Crepe Congelado De Peito De Peru Com Catupiry Èze 240g Price: 0 R$ 11,99 R$ 18,99 -37% Crepe Congelado Calabresa Com Catupiry Èze 240g Price: 0 R$ 11,99 R$ 18,99 -37% Crepe Congelado De Doce De Leite Èze 240g Price: 0 R$ 11,99 R$ 18,99 -37% Iogurte Integral Com Açúcar Atilatte 500 G Price: 0 R$ 8,99 R$ 13,99 -36% Azeitona Verde Com Caroço Em Conserva Oba Bem Querer 250g Price: 0 R$ 12,99 R$ 19,99 -35% Fondue De Queijo Holandês",,15.99,,,,unknown,
Loja Online,"Loja Online Institucional Encontre o Clique&Retire Como Funciona o Delivery Atendimento CORREDORES Minhas Listas Favoritos Entrar Ir para o Checkout Mercearia Grãos e Cereais Arroz Arroz Parboilizado Capellini 1kg Arroz Parboilizado Capellini 1kg Carregando avaliações... R$ 3,98 R$ 3,98 / kg Em até 1 x de R$ 3,98 sem juros Ver opções de pagamento Compre com o seu cartão Zaffari ou Bourbon e acumule pontos Ver mais produtos Capellini Referência : 1103813 Carregando... Detalhes do Produto Descrição do produto Arroz Parboilizado, da marca exclusiva Capellini, em embalagem com 1 quilo. O alimento passa por processo de parboilização, que consiste no pré-cozimento dos grãos com casca, o que os torna soltos e macios. Com maior resistência ao cozimento, é ideal para longos preparos ao fogo. Além disso, conta com sabor suave e delicado, que combina perfeitamente com inúmeros pratos e ingredientes variados, como carnes, aves, peixes, legumes e outros. Fonte de nutrientes essenciais, como carboidratos, que fornecem energia para o corpo, o alimento também é rico vitaminas do complexo B e em minerais, como o ferro por exemplo. Sua porção de 50 gramas (1/4 de xícara de chá) possui valor energético de 179 kcal, 39 gramas de carboidratos, 3,6 gramas de proteínas e 0,8 grama de fibra alimentar. ALÉRGICOS: Pode conter soja. Produtos Relacionados Receba em primeira mão nossas novidades e ofertas Qual sua região? RS SP Cadastrar Ao clicar em cadastrar, você concorda com o envio de nossas novidades e ofertas. Para saber mais, veja nossa política de privacidade aqui . Nossas Lojas Encontre a sua Como Comprar? Tire aqui suas dúvidas Formas de Pagamento Para compras no site Zaffari Card e Bourbon Card Solicite o seu Sac Redes sociais Preferências de cookies Formas de pagamento loja online Delivery *Somente crédito Clique&Retire *Pagamento em loja Selos de Segurança Baixe o APP Zaffari Loja Online Formas de pagamento lojas físicas Crédito Débito Convênios* *Aceitamos somente convênios de al",,3.98,,,,unknown,
Loja Online,"Loja Online Institucional Encontre o Clique&Retire Como Funciona o Delivery Atendimento hipermercado bourbon assis brasil CORREDORES Pesquise produtos ou marcas Minhas Listas Favoritos Entrar Ir para o Checkout Mercearia Grãos e Cereais Arroz Arroz Branco Tio João 1kg Arroz Branco Tio João 1kg 5 (7 avaliações) R$ 5,49 R$ 5,49 / kg Adicionar Em até 1 x de R$ 5,49 sem juros Ver opções de pagamento Compre com o seu cartão Zaffari ou Bourbon e acumule pontos Ver mais produtos Tio João Referência : 1008308 Aproveite e Compre Junto Arroz Branco Tio João 1kg R$ 5,49 Feijão-preto Capellini 1kg R$ 5,49 Compre os 2 produtos por: R$ 10,98 Comprar Junto Detalhes do Produto Descrição do produto Arroz Branco, da marca Tio João, em embalagem com 1 quilo. Produzido com grãos selecionados, ele rende preparos uniformes e macios, que absorvem bem temperos e acompanham perfeitamente os mais variados pratos. Sua leveza e neutralidade no paladar o tornam versátil na cozinha, ideal tanto para refeições do dia a dia quanto para ocasiões especiais. Combina com carnes, frango, peixes, ensopados, feijão, legumes refogados, podendo também compor pratos mais elaborados como risoto e arroz de forno. Além disso, é uma ótima base para receitas como arroz à grega, carreteiro ou arroz com brócolis. Pode ser servido com sucos naturais, refrigerantes leves, água com gás e, em refeições mais sofisticadas, com vinhos brancos ou tintos suaves. Em sua porção de 50 gramas, contém valor energético de 172 kcal, 39 gramas de carboidratos, 3,4 gramas de proteínas e 0,69 miligramas de sódio. Para conservação do produto, é recomendado que seja mantido em local seco e fresco, longe da incidência de luz solar direta. Avaliações 5 Média entre 7 avaliações 5 estrelas 4 estrelas 3 estrelas 2 estrelas 1 estrela 100% Dos usuários recomendaram este produto Avaliar Produto Produtos Relacionados Cebola-branca R$ 0,89 Uma unidade equivale 301g Adicionar R$ 2,99 / kg Batata-branca R$ 1,32 Uma unidade equivale 301g Adicionar",,5.49,,,,unknown,
Loja Online,"Loja Online Institucional Encontre o Clique&Retire Como Funciona o Delivery Atendimento hipermercado bourbon assis brasil CORREDORES Pesquise produtos ou marcas Minhas Listas Favoritos Entrar Ir para o Checkout Mercearia Grãos e Cereais Arroz Arroz Branco Blue Ville 1kg Arroz Branco Blue Ville 1kg 5 (4 avaliações) R$ 3,78 R$ 3,78 / kg Adicionar Em até 1 x de R$ 3,78 sem juros Ver opções de pagamento Compre com o seu cartão Zaffari ou Bourbon e acumule pontos Ver mais produtos Blue Ville Referência : 1010643 Aproveite e Compre Junto Arroz Branco Blue Ville 1kg R$ 3,78 Feijão-preto Namorado 1kg R$ 5,49 Compre os 2 produtos por: R$ 9,27 Comprar Junto Detalhes do Produto Descrição do produto Arroz Branco, da marca Blue Ville, em embalagem com 1 quilo. Arroz do Tipo 1, é caracterizado por seus grãos finos e alongados, que são polidos. Quando cozido, apresenta grãos soltos, macios e com uma textura levemente firme, mantendo o sabor suave e característico do arroz branco. É ideal para compor refeições do dia a dia, acompanhando desde pratos simples até receitas mais elaboradas. Versátil e delicado, pode ser combinado a diversos acompanhamentos, como carnes, peixes, vegetais, feijões e saladas, além de ser uma excelente base para pratos como risotos e arroz de forno. Sua porção de 50 gramas (1/4 de xícara) possui valor energético de 172 kcal, 40 gramas de carboidratos, 3,2 gramas de proteínas, 0,6 grama de fibra alimentar e 5,1 miligramas de sódio. Para conservação do produto, é recomendado que seja mantido em local seco e fresco, longe da incidência de luz direta. INGREDIENTES: Arroz polido. ALÉRGICOS: Pode conter soja. Avaliações 5 Média entre 4 avaliações 5 estrelas 4 estrelas 3 estrelas 2 estrelas 1 estrela 100% Dos usuários recomendaram este produto Avaliar Produto Produtos Relacionados Cebola-branca R$ 0,89 Uma unidade equivale 301g Adicionar R$ 2,99 / kg Batata-branca R$ 1,32 Uma unidade equivale 301g Adicionar R$ 4,39 / kg Cenoura R$ 0,88 Uma unidade equivale 177g A",,3.78,,,,unknown,
Loja Online,"Loja Online Institucional Encontre o Clique&Retire Como Funciona o Delivery Atendimento hipermercado bourbon assis brasil CORREDORES Pesquise produtos ou marcas Minhas Listas Favoritos Entrar Ir para o Checkout Mercearia Grãos e Cereais Arroz Arroz Branco Prato Fino 1kg Arroz Branco Prato Fino 1kg 5 (2 avaliações) R$ 5,99 R$ 5,99 / kg Adicionar Em até 1 x de R$ 5,99 sem juros Ver opções de pagamento Compre com o seu cartão Zaffari ou Bourbon e acumule pontos Ver mais produtos Prato Fino Referência : 1035403 Aproveite e Compre Junto Arroz Branco Prato Fino 1kg R$ 5,99 Feijão-preto Capellini 1kg R$ 5,49 Compre os 2 produtos por: R$ 11,48 Comprar Junto Detalhes do Produto Descrição do produto Arroz Branco, da marca Prato Fino, em embalagem com 1 quilo. Presente diariamente no prato de todo brasileiro, ele apresenta grãos longos e finos, de coloração branca. É rica fonte de carboidratos complexos, que fornecem energia ao longo do dia. Seu sabor suave e delicado é acompanhado pela textura firme e pelo aroma delicioso, especialmente quando temperado com alho ou cebola. É ideal para acompanhar feijão, ensopados, carnes vermelhas, frangos e peixes. É um componente importante em qualquer cardápio, adicionando sabor a outros pratos. Em sua porção de 50 gramas (1/4 de xícara de chá), contém valor energético de 176 kcal, 39 gramas de carboidratos e 3,3 gramas de proteínas. Não apresenta valores significativos de sódio. Para conservação do produto, é recomendado que seja mantido em local seco e fresco, longe da incidência de luz solar direta. ALÉRGICOS: Não contém glúten. Pode conter soja. Avaliações 5 Média entre 2 avaliações 5 estrelas 4 estrelas 3 estrelas 2 estrelas 1 estrela 100% Dos usuários recomendaram este produto Avaliar Produto Produtos Relacionados Batata-branca R$ 1,32 Uma unidade equivale 301g Adicionar R$ 4,39 / kg Cebola-branca R$ 0,89 Uma unidade equivale 301g Adicionar R$ 2,99 / kg Banana Prata de 4 a 6 un - 886g R$ 8,84 Uma unidade equivale 886g Adicionar R$ 9",,5.99,,,,unknown,
Loja Online,"Loja Online Institucional Encontre o Clique&Retire Como Funciona o Delivery Atendimento CORREDORES Minhas Listas Favoritos Entrar Ir para o Checkout Mercearia Grãos e Cereais Arroz Arroz Branco Namorado 1kg Arroz Branco Namorado 1kg Carregando avaliações... R$ 3,99 R$ 3,99 / kg Em até 1 x de R$ 3,99 sem juros Ver opções de pagamento Compre com o seu cartão Zaffari ou Bourbon e acumule pontos Ver mais produtos Namorado Referência : 1106840 Carregando... Detalhes do Produto Descrição do produto Arroz Branco, da marca Namorado, em embalagem com 1 quilo. Com grãos longos e finos, de coloração clara, é uma opção muito popular na alimentação do dia a dia. Ideal para o preparo de diversos pratos, desde os mais simples aos mais sofisticados, pode ser usado em receitas como arroz à grega, galinhada, arroz de carreteiro e até na clássica combinação arroz e feijão. De simples preparo, pode ser feito no fogão, de maneira tradicional, ou no micro-ondas, quando o foco é praticidade e agilidade. Sua porção de 50 gramas (1/4 de xícara) possui, aproximadamente, valor energético de 169 kcal, 39 gramas de carboidratos, 3,3 gramas de proteínas e 1,7 grama de fibra alimentar. Recomenda-se armazenar o alimento conservado em local seco e fresco, longe da luz solar direta. Manter a embalagem fechada ou transferir o arroz para um pote com tampa, evitando a entrada de umidade. ALÉRGICOS: Pode conter soja. Produtos Relacionados Receba em primeira mão nossas novidades e ofertas Qual sua região? RS SP Cadastrar Ao clicar em cadastrar, você concorda com o envio de nossas novidades e ofertas. Para saber mais, veja nossa política de privacidade aqui . Nossas Lojas Encontre a sua Como Comprar? Tire aqui suas dúvidas Formas de Pagamento Para compras no site Zaffari Card e Bourbon Card Solicite o seu Sac Redes sociais Preferências de cookies Formas de pagamento loja online Delivery *Somente crédito Clique&Retire *Pagamento em loja Selos de Segurança Baixe o APP Zaffari Loja Online Formas de pagamento",,3.99,,,,unknown,
Loja Online,"Loja Online Institucional Encontre o Clique&Retire Como Funciona o Delivery Atendimento hipermercado bourbon assis brasil CORREDORES Pesquise produtos ou marcas Minhas Listas Favoritos Entrar Ir para o Checkout Mercearia Matinais Cafés Café Tradicional Caboclo 500g Café Tradicional Caboclo 500g 5 (2 avaliações) R$ 27,97 R$ 55,94 / kg Adicionar Em até 1 x de R$ 27,97 sem juros Ver opções de pagamento Compre com o seu cartão Zaffari ou Bourbon e acumule pontos Ver mais produtos Caboclo Referência : 1010021 Detalhes do Produto Descrição do produto Café Tradicional, da marca Caboclo, em embalagem a vácuo com 500 gramas. É conhecido por seu sabor forte e encorpado, com notas de torra que trazem uma sensação de café robusto e saboroso. Apresenta uma leve acidez e um toque amargo. Seu aroma é intenso e convidativo, com notas de café fresco e torrado e sua textura é uniforme, permitindo uma boa extração de sabor durante a preparação. Elaborado com grãos selecionados da variedade Arábica, passa por torra média. Pode ser consumido puro, com leite ou utilizado em receitas diversas, especialmente doces, como o tiramisu. É ideal para cafés da manhã, pausas no trabalho, reuniões e momentos de descontração. Para melhor conservação do produto, é recomendado mantê-lo em local seco e fresco, longe da incidência de luz solar direta. Após aberto, deve ser guardado bem fechado na geladeira, longe de odores fortes, seguindo as orientações da embalagem. ALÉRGICOS: Não contém glúten. Avaliações 5 Média entre 2 avaliações 5 estrelas 4 estrelas 3 estrelas 2 estrelas 1 estrela 100% Dos usuários recomendaram este produto Avaliar Produto Produtos Relacionados Batata-branca R$ 1,32 Uma unidade equivale 301g Adicionar R$ 4,39 / kg Cebola-branca R$ 0,89 Uma unidade equivale 301g Adicionar R$ 2,99 / kg Cenoura R$ 0,88 Uma unidade equivale 177g Adicionar R$ 4,99 / kg Molho de Tomate Refogado Cajamar 300g R$ 1,29 Adicionar R$ 4,30 / kg Receba em primeira mão nossas novidades e ofertas Qual sua região",,27.97,,,,unknown,
Loja Online,"Loja Online Institucional Encontre o Clique&Retire Como Funciona o Delivery Atendimento hipermercado bourbon assis brasil CORREDORES Pesquise produtos ou marcas Minhas Listas Favoritos Entrar Ir para o Checkout Mercearia Matinais Cafés Café Solúvel em Pó Tradicional Iguaçu 200g Embalagem Promocional Café Solúvel em Pó Tradicional Iguaçu 200g Embalagem Promocional 5 (1 avaliação) R$ 22,90 R$ 114,50 / kg Adicionar Em até 1 x de R$ 22,90 sem juros Ver opções de pagamento Compre com o seu cartão Zaffari ou Bourbon e acumule pontos Ver mais produtos Iguaçu Referência : 1102594 Detalhes do Produto Descrição do produto Café Solúvel em Pó Tradicional, da marca Iguaçu, em embalagem promocional com 200 gramas. É a escolha ideal para quem aprecia praticidade sem abrir mão do sabor autêntico do café. Produzido com uma seleção cuidadosa de grãos, este café apresenta um sabor marcante, que combina com diferentes momentos do dia. É versátil e pode ser harmonizado com uma variedade de acompanhamentos. Ele combina perfeitamente com pães integrais, biscoitos amanteigados, e queijos suaves. Para uma experiência ainda mais completa, experimente com sobremesas como tortas de frutas ou bolos simples. Este café solúvel é fácil de preparar e dissolve rapidamente, proporcionando uma xícara deliciosa em questão de segundos. É a escolha certa para o dia a dia, seja para iniciar a manhã com energia ou para desfrutar de uma pausa reconfortante à tarde. Avaliações 5 Média entre 1 avaliação 5 estrelas 4 estrelas 3 estrelas 2 estrelas 1 estrela 100% Dos usuários recomendaram este produto Avaliar Produto Produtos Relacionados Receba em primeira mão nossas novidades e ofertas Qual sua região? RS SP Cadastrar Ao clicar em cadastrar, você concorda com o envio de nossas novidades e ofertas. Para saber mais, veja nossa política de privacidade aqui . Nossas Lojas Encontre a sua Como Comprar? Tire aqui suas dúvidas Formas de Pagamento Para compras no site Zaffari Card e Bourbon Card Solicite o seu Sac Red",,22.90,,,,unknown,
"Este sitio web utiliza cookies propias para optimizar la experiencia de nuestros clientes, analizar estadísticas de navegación del sitio y de terceros para brindar contenidos personalizados de acuerdo","Este sitio web utiliza cookies propias para optimizar la experiencia de nuestros clientes, analizar estadísticas de navegación del sitio y de terceros para brindar contenidos personalizados de acuerdo con sus preferencias. Al dar click en [Aceptar], autoriza el uso de cookies durante su navegación. Para más información, consulte nuestra Política de Cookies en el Aviso de Privacidad . Aceptar Supermercado Despensa Harinas y reposteria Harina San Blas Trigo 500g San Blas Cargando comentarios… Harina San Blas Trigo 500g Harina San Blas Trigo 500g Referencia : 3775966 Información Harina de trigo San Blas, está elaborada con los trigos más selectos: ofreciendo una harina multiusos para usarse en casa o en todo tipo de repostería como pan francés, pan leudado, bizcochería fina, hojaldres, pan danés, pizza y muchos más. Las imágenes del producto son únicamente de referencia, el diseños de etiquetas y el contenido (ml, L, Kg, g, piezas, etc) pueden cambiar y/o variar sin previo aviso. Mostrar más Comparte Vendido y entregado por: Chedraui Descripción Especificaciones Harina de trigo San Blas, está elaborada con los trigos más selectos: ofreciendo una harina multiusos para usarse en casa o en todo tipo de repostería como pan francés, pan leudado, bizcochería fina, hojaldres, pan danés, pizza y muchos más. Gracias a su excelente versatilidad, se asegura el rendimiento, estabilidad en el horneo y una máxima versatilidad al preparar sus platillos. La harina se encuentra adicionada con ácido fólico, zinc, hierro y vitaminas. Productos relacionados Harina San Blas de Trigo 800g San Blas $0.00 1 pieza de 800g Combo Cantidad Máxima Equivale a ≈1 pza 3x2 Harina San Blas de Maíz 800 g San Blas $0.00 1 pieza de 800g Combo Cantidad Máxima Equivale a ≈1 pza 3x2 Harina de Trigo Chedraui 750g Chedraui $0.00 750 g Combo Cantidad Máxima Equivale a ≈1 pza 3x2 Harina Tabashito Platano 500g Otras Marcas $0.00 Combo Cantidad Máxima Equivale a ≈1 pza 3x2 Harina San Blas de Trigo Integral 1kg San",,000,,,,unknown,
Loja Online,"Loja Online Institucional Encontre o Clique&Retire Como Funciona o Delivery Atendimento hipermercado bourbon assis brasil CORREDORES Pesquise produtos ou marcas Minhas Listas Favoritos Entrar Ir para o Checkout Mercearia Matinais Cafés Café 100% Canephora Regiões Brasileiras Terras Capixabas Melitta 250g Café 100% Canephora Regiões Brasileiras Terras Capixabas Melitta 250g 5 (2 avaliações) R$ 29,98 R$ 119,92 / kg Em até 1 x de R$ 29,98 sem juros Ver opções de pagamento Error Compre com o seu cartão Zaffari ou Bourbon e acumule pontos Ver mais produtos Melitta Referência : 1118989 Aproveite e Compre Junto Café 100% Canephora Regiões Brasileiras Terras Capixabas Melitta 250g R$ 29,98 Filtro de Papel 102 Melitta 30 unidades R$ 5,98 Compre os 2 produtos por: R$ 35,96 Comprar Junto Detalhes do Produto Descrição do produto Café Regiões Brasileiras Terras Capixabas, da marca Melitta, em embalagem com 250 gramas. É uma escolha premium para quem aprecia o sabor e a tradição do café brasileiro. Produzido nas regiões montanhosas do Espírito Santo, esse café se destaca pela sua suavidade e aroma envolvente. Com grãos selecionados, ele oferece um sabor equilibrado, com toque amanteigado e notas de nibs de cacau e cereais, além de uma acidez média, que é característico dos cafés cultivados em altitudes elevadas. Apresenta uma textura encorpada sem perder a delicadeza, proporcionando uma experiência de sabor rica e suave ao mesmo tempo. O aroma que se libera ao preparar o café é marcante, trazendo uma sensação de aconchego, ideal para momentos de pausa e relaxamento. É perfeito para diversas ocasiões, seja no café da manhã, como um bom acompanhamento para pães e bolos, ou no lanche da tarde, acompanhado de um docinho. Ele também pode ser combinado com sobremesas à base de chocolate, intensificando o sabor. Para os apreciadores de bebidas quentes, ele vai bem com um toque de leite e, até mesmo, um pouco de canela, criando uma experiência ainda mais prazerosa. Para conservação do pr",,29.98,,,,unknown,
Loja Online,"Loja Online Institucional Encontre o Clique&Retire Como Funciona o Delivery Atendimento hipermercado bourbon assis brasil CORREDORES Pesquise produtos ou marcas Minhas Listas Favoritos Entrar Ir para o Checkout Mercearia Matinais Cafés Café Solúvel Liofilizado Classique L'Or 40g Café Solúvel Liofilizado Classique L'Or 40g 5 (1 avaliação) R$ 14,50 R$ 362,50 / kg Adicionar R$ 362,50 / kg Em até 1 x de R$ 14,50 sem juros Ver opções de pagamento Selecione o sabor: Classique Intense Compre com o seu cartão Zaffari ou Bourbon e acumule pontos Ver mais produtos L'or Referência : 1108876 Detalhes do Produto Descrição do produto Café Solúvel Liofilizado Classique, da marca L'Or, em embalagem sachê com 40 gramas. Sendo uma opção prática e saborosa para apreciadores de café, possui textura fina, que dissolve facilmente em água ou leite quente. Seu sabor é equilibrado e encorpado, com notas intensas de café torrado e um leve toque de amargor, enquanto seu aroma traz notas delicadamente frutadas. Produzido a partir de grãos de café selecionados, passa por processo de liofilização, que ajuda a preservar as propriedades do café. Nele, o café líquido é congelado e submetido a vácuo para remover a água, resultando em grânulos solúveis, que mantêm o sabor e aroma originais. Ideal para ser apreciado puro, adicionando água quente, também pode ser utilizado como base para diversas receitas de café, como cappuccinos, lattes, frappés e sobremesas. Avaliações 5 Média entre 1 avaliação 5 estrelas 4 estrelas 3 estrelas 2 estrelas 1 estrela 100% Dos usuários recomendaram este produto Avaliar Produto Produtos Relacionados Cebola-branca R$ 0,89 Uma unidade equivale 301g Adicionar R$ 2,99 / kg Água Mineral com Gás Tutti Giorni Blu 500ml R$ 1,25 Adicionar R$ 2,50 / L Cenoura R$ 0,88 Uma unidade equivale 177g Adicionar R$ 4,99 / kg R$ 11,90 na compra de 3 unidades Suco de Laranja Integral Naturale 1 Litro R$ 14,90 Adicionar R$ 14,90 / L Receba em primeira mão nossas novidades e ofertas Qual sua re",,14.50,,,,unknown,
Loja Online,"Loja Online Institucional Encontre o Clique&Retire Como Funciona o Delivery Atendimento hipermercado bourbon assis brasil CORREDORES Pesquise produtos ou marcas Minhas Listas Favoritos Entrar Ir para o Checkout Mercearia Matinais Cafés Café Aromatizado Chocolate Trufado Baggio 250g Café Aromatizado Chocolate Trufado Baggio 250g 5 (1 avaliação) R$ 39,90 R$ 159,60 / kg Adicionar R$ 159,60 / kg Em até 1 x de R$ 39,90 sem juros Ver opções de pagamento Selecione o sabor: Caramelo Chocolate Trufado Chocolate com Menta Espresso Compre com o seu cartão Zaffari ou Bourbon e acumule pontos Ver mais produtos Baggio Café Referência : 1047267 Aproveite e Compre Junto Café Aromatizado Chocolate Trufado Baggio 250g R$ 39,90 Filtro de Papel 102 Melitta 30 unidades R$ 5,98 Compre os 2 produtos por: R$ 45,88 Comprar Junto Detalhes do Produto Descrição do produto Café Aromas de Chocolate Trufado, da marca Baggio Café, vem em embalagem com 250 gramas. Produzido 100% com grãos da variedade Arábica, passa por torra clássica. Com moagem média, tem seu aroma e sabor preservados em intensidade e não conta com adição de açúcares. Após preparado, de acordo com as recomendações da embalagem, conta com toques de frutas secas, nozes e conhaque. Pode ser consumido puro ou com leite, de acordo com a preferência. Moído Sem Açúcar Avaliações 5 Média entre 1 avaliação 5 estrelas 4 estrelas 3 estrelas 2 estrelas 1 estrela 100% Dos usuários recomendaram este produto Avaliar Produto Produtos Relacionados Queijo Mussarela Fatiado Président 300g R$ 18,90 Adicionar R$ 63,00 / kg Café Aromatizado Caramelo Baggio 250g R$ 39,90 Adicionar R$ 159,60 / kg Água Mineral com Gás Tutti Giorni Blu 500ml R$ 1,25 Adicionar R$ 2,50 / L Peito de Frango Desfiado Congelado Nat 400g R$ 18,90 Adicionar R$ 47,25 / kg Receba em primeira mão nossas novidades e ofertas Qual sua região? RS SP Cadastrar Ao clicar em cadastrar, você concorda com o envio de nossas novidades e ofertas. Para saber mais, veja nossa política de privacid",,39.90,,,,unknown,
Loja Online,"Loja Online Institucional Encontre o Clique&Retire Como Funciona o Delivery Atendimento hipermercado bourbon assis brasil CORREDORES Pesquise produtos ou marcas Minhas Listas Favoritos Entrar Ir para o Checkout Padaria Pães Pão de Forma Pão de Forma de Leite Zaffari 450g Pão de Forma de Leite Zaffari 450g 5 (6 avaliações) R$ 6,28 R$ 13,96 / kg Adicionar Em até 1x de R$ 6,28 sem juros Ver opções de pagamento Compre com o seu cartão Zaffari ou Bourbon e acumule pontos Ver mais produtos Zaffari Referência : 1031956 Detalhes do Produto Descrição do produto Pão de Forma de Leite, da marca Zaffari, em embalagem com 450 gramas. Pré-cortado em fatias uniformes, esse pão apresenta textura extremamente macia, com sabor suave. Desta forma, pode ser utilizado de diversas maneiras, como em sanduíches, torradas e, até mesmo, em sobremesas, como o pudim de pão. Sua porção de 50 gramas (2 e 1/2 fatias) possui valor energético de 131 kcal, 26 gramas de carboidratos, 4,8 gramas de proteínas, 1,3 grama de fibra alimentar e 194 miligramas de sódio. ALÉRGICOS: Contém glúten, ovos e derivados de soja e de trigo. Pode conter amêndoas, amendoim, aveia, avelãs, castanha-de-caju, castanha-do-pará, centeio, cevada, leite, macadâmias, nozes, pistaches e triticale. Avaliações 5 Média entre 6 avaliações 5 estrelas 4 estrelas 3 estrelas 2 estrelas 1 estrela 100% Dos usuários recomendaram este produto Avaliar Produto Produtos Relacionados Cebola-branca R$ 0,89 Uma unidade equivale 301g Adicionar R$ 2,99 / kg Batata-branca R$ 1,32 Uma unidade equivale 301g Adicionar R$ 4,39 / kg Banana Prata Orgânica Naturale 800g R$ 7,99 Adicionar R$ 9,99 / kg Banana Prata de 4 a 6 un - 886g R$ 8,84 Uma unidade equivale 886g Adicionar R$ 9,98 / kg Receba em primeira mão nossas novidades e ofertas Qual sua região? RS SP Cadastrar Ao clicar em cadastrar, você concorda com o envio de nossas novidades e ofertas. Para saber mais, veja nossa política de privacidade aqui . Nossas Lojas Encontre a sua Como Comprar? Tire a",,6.28,,,,unknown,
Loja Online,"Loja Online Institucional Encontre o Clique&Retire Como Funciona o Delivery Atendimento hipermercado bourbon assis brasil CORREDORES Pesquise produtos ou marcas Minhas Listas Favoritos Entrar Ir para o Checkout Padaria Pães Pão de Forma Pão de Forma de Leite Seven Boys 450g Pão de Forma de Leite Seven Boys 450g 5 (2 avaliações) R$ 8,29 R$ 18,42 / kg Adicionar Em até 1 x de R$ 8,29 sem juros Ver opções de pagamento Compre com o seu cartão Zaffari ou Bourbon e acumule pontos Ver mais produtos Seven Boys Referência : 1010591 Detalhes do Produto Descrição do produto Pão de Forma de Leite, da marca Seven Boys, em embalagem com 450 gramas. É um produto conhecido por sua textura macia e sabor leve e ligeiramente adocicado, devido ao leite e ao açúcar na receita. Sua textura é macia e fofinha, com miolo delicado e uma crosta suave. Pode ser usado para uma ampla gama de preparações, como sanduíches, torradas, bruschettas e, até mesmo, como base para receitas mais elaboradas, como pudim de pão. Por ser pré-fatiado, o pão de forma é conveniente e pronto para uso, economizando tempo na cozinha. É uma escolha prática e deliciosa para quem busca um pão macio e saboroso, ideal para uma variedade de usos na cozinha. Sua porção com 50 gramas possui valor energético de 131 kcal, 26 gramas de carboidratos e 4,8 gramas de proteínas e 194 miligramas de sódio. Para melhor conservação do produto, é recomendado que seja mantido em local seco e fresco, longe da incidência direta de luz. INGREDIENTES: Farinha de trigo enriquecida com ferro e ácido fólico, açúcar, óleo de soja, sal, leite em pó desnatado, conservadores propionato de cálcio e ácido sórbico e aromatizante. ALÉRGICOS: Contém derivados de trigo, soja e leite. pode conter amêndoa, amendoim, aveia, avelãs, castanha-de-caju, castanha-do-pará, centeio, cevada, macadâmias, nozes, ovos, pecãs, pistaches e triticale. Contém Glúten Contém Lactose Avaliações 5 Média entre 2 avaliações 5 estrelas 4 estrelas 3 estrelas 2 estrelas 1 estrela ",,8.29,,,,unknown,
Loja Online,"Loja Online Institucional Encontre o Clique&Retire Como Funciona o Delivery Atendimento CORREDORES Minhas Listas Favoritos Entrar Ir para o Checkout Padaria Pães Pão de Forma Pão de Forma sem Casca Tradicional Pullman 450g Pão de Forma sem Casca Tradicional Pullman 450g Carregando avaliações... R$ 16,79 R$ 37,31 / kg Compre com o seu cartão Zaffari ou Bourbon e acumule pontos Ver mais produtos Pullman Referência : 1031707 Carregando... Detalhes do Produto Descrição do produto Pão de Forma sem Casca Tradicional, da marca Pullman, em embalagem com 450 gramas. Sendo uma alternativa clássica para quem gosta de pão, conta com textura macia e já vem livre de casca. Com sabor delicado e agradável, é perfeito para ser usado em sanduíches, torradas, bruschettas, torta fria e muito mais. Combinando com vários momentos, pode ser apreciado puro ou incrementado com manteiga, requeijão, geleia, frios e outros itens, de acordo com a preferência. Preparado com farinha de trigo fortificada com ferro e ácido fólico, também leva açúcar, óleo vegetal de soja, sal, vinagre e outros. Livre de colesterol, o pão também possui baixa quantidade de açúcares e de gorduras totais. Sua porção de 50 gramas (2 e 1/2 fatias) possui valor energético de 111 kcal e 182 miligramas de sódio. Para garantir a qualidade e o frescor do item, recomenda-se armazená-lo em local fresco e seco. Após aberto, o ideal é manter o pacote bem fechado ou transferir o conteúdo da embalagem para um recipiente hermético. ALÉRGICOS: Contém glúten e derivados de trigo e de soja. Pode conter aveia, centeio, cevada, triticale, leite, nozes, castanha-do-Pará e castanha-de-caju. Produtos Relacionados Receba em primeira mão nossas novidades e ofertas Qual sua região? RS SP Cadastrar Ao clicar em cadastrar, você concorda com o envio de nossas novidades e ofertas. Para saber mais, veja nossa política de privacidade aqui . Nossas Lojas Encontre a sua Como Comprar? Tire aqui suas dúvidas Formas de Pagamento Para compras no site Zaff",,16.79,,,,unknown,
Loja Online,"Loja Online Institucional Encontre o Clique&Retire Como Funciona o Delivery Atendimento hipermercado bourbon assis brasil CORREDORES Pesquise produtos ou marcas Minhas Listas Favoritos Entrar Ir para o Checkout Padaria Pães Pão de Forma Pão de Forma 5 Zeros Tradicional Wickbold 350g Pão de Forma 5 Zeros Tradicional Wickbold 350g Seja o primeiro a avaliar. R$ 8,45 R$ 24,14 / kg Adicionar Em até 1 x de R$ 8,45 sem juros Ver opções de pagamento Compre com o seu cartão Zaffari ou Bourbon e acumule pontos Ver mais produtos Wickbold Referência : 1108845 Detalhes do Produto Descrição do produto Pão de Forma Tradicional 5 Zeros, da marca Wickbold, em embalagem com 350 gramas. Com textura fofinha e sabor suave, traz 5 vantagens: zero Lactose, zero gordura trans, zero colesterol, zero adição de açúcares e zero adição de gorduras totais. Ideal para a hora do café da manhã, traz praticidade na hora de montar um lanche completo. Pode ser complementado com queijos, geleias, patês, saladas, entre outros. Também é uma opção de lanche para ser levado na lancheira, ideal para as pausas no serviço, passeios e compromissos fora de casa. Sua porção de 50 gramas (2 ½ fatias) possui valor energético de 119 kcal, 23 gramas de carboidratos, 1,1 grama de açúcares totais, 5,5 gramas de proteínas, 2,1 gramas de fibra alimentar e 168 miligramas de sódio. Manter o produto conservado em local fresco e seco, longe de fontes de calor e umidade. INGREDIENTES: Farinha de trigo enriquecida com ferro e ácido fólico, glúten, sal e conservadores propionato de cálcio e ácido sórbico. ALÉRGICOS: Contém glúten e derivados de trigo. Pode conter amêndoa, amendoim, aveia, avelãs, castanha-de-caju, castanha-do-pará, centeio, cevada, leite, macadâmias, nozes, ovos, pecãs, pistaches, soja e triticale. Sem Lactose Contém Glúten Avaliações 0 Média entre 0 avaliações 5 estrelas 4 estrelas 3 estrelas 2 estrelas 1 estrela Avaliar Produto Produtos Relacionados Queijo Mussarela Fatiado Président 300g R$ 18,90 Adicionar ",,8.45,,,,unknown,
Loja Online,"Loja Online Institucional Encontre o Clique&Retire Como Funciona o Delivery Atendimento hipermercado bourbon assis brasil CORREDORES Pesquise produtos ou marcas Minhas Listas Favoritos Entrar Ir para o Checkout Padaria Pães Pão de Forma Pão de Forma Integral Grãos & Castanhas Nutrella 450g Pão de Forma Integral Grãos & Castanhas Nutrella 450g 5 (2 avaliações) R$ 17,98 R$ 39,96 / kg Adicionar Em até 1 x de R$ 17,98 sem juros Ver opções de pagamento Compre com o seu cartão Zaffari ou Bourbon e acumule pontos Ver mais produtos Nutrella Referência : 1027522 Detalhes do Produto Descrição do produto Pão de Forma Integral com Grãos e Castanhas, da marca Nutrella, em embalagem com 450 gramas. Sendo uma escolha prática e nutritiva para transformar as refeições, é caracterizado por sua coloração ligeiramente marrom. Com textura macia, leva ao paladar uma explosão de sabores, combinando notas de cereais com um toque delicadamente adocicado. Sua receita, que é elaborada com ingredientes selecionados, inclui farinha de trigo integral, farinha de trigo enriquecida com ferro e ácido fólico, glúten, açúcar, floco integral de centeio, farelo de trigo, semente de linhaça marrom, castanha-do-Pará, semente de girassol, óleo vegetal de soja, vinagre, sal, castanha-de-caju e extrato de acerola. Livre de conservantes artificiais, o pão é fonte de fibras e também não possui aditivos químicos em sua elaboração. Pode ser apreciado puro ou usado no preparo de sanduíches, torradas e outros, combinando com diferentes acompanhamentos. Sua porção de 50 gramas (2 fatias) possui valor energético de 133 kcal, 19 gramas de carboidratos, 6,6 gramas de proteínas, 3,6 gramas de gorduras totais, 4 gramas de fibra alimentar e 156 miligramas de sódio. ALÉRGICOS: Contém glúten, centeio, castanha-de-caju, castanha-do-Pará e derivados de trigo e de soja. Pode conter cevada, aveia, triticale, ovo, leite e nozes. Integral Contém Glúten Avaliações 5 Média entre 2 avaliações 5 estrelas 4 estrelas 3 estrelas 2 est",,17.98,,,,unknown,
Loja Online,"Loja Online Institucional Encontre o Clique&Retire Como Funciona o Delivery Atendimento hipermercado bourbon assis brasil CORREDORES Pesquise produtos ou marcas Minhas Listas Favoritos Entrar Ir para o Checkout Bebidas Refrigerantes Refrigerante de Cola Refrigerante Coca-Cola sem Açúcar 2 Litros Refrigerante Coca-Cola sem Açúcar 2 Litros 5 (7 avaliações) R$ 10,49 R$ 5,25 / L Adicionar Em até 1 x de R$ 10,49 sem juros Ver opções de pagamento Compre com o seu cartão Zaffari ou Bourbon e acumule pontos Ver mais produtos Coca-Cola Referência : 1010188 Detalhes do Produto Descrição do produto Refrigerante Sem Açúcar, da marca Coca-Cola, em garrafa com 2 litros. É uma opção ideal para quem busca saborear o clássico sabor da Coca-Cola, mas com uma versão mais leve e sem adição de açúcares. Apresentado em uma prática garrafa com capacidade de 2 litros, é perfeito para compartilhar em momentos especiais com familiares e amigos, seja em refeições, festas ou encontros informais. Desenvolvido com o mesmo cuidado e qualidade, este refrigerante mantém o sabor inconfundível que todos conhecem, porém com uma fórmula que reduz significativamente as calorias, atendendo às necessidades de quem prioriza um estilo de vida mais equilibrado. Sua embalagem garante a preservação da bebida, mantendo sua efervescência e frescor por mais tempo, proporcionando uma experiência refrescante a cada gole. Além disso, a versão sem açúcar é uma alternativa que se adapta a diversos consumidores, incluindo aqueles que monitoram a ingestão de açúcar por questões de saúde ou preferências pessoais. A bebida deve ser mantida em local seco e fresco ou sob refrigeração. INGREDIENTES: Água gaseificada, extrato de noz de cola, cafeína, corante caramelo IV, acidulante ácido fosfórico e aroma natural. Avaliações 5 Média entre 7 avaliações 5 estrelas 4 estrelas 3 estrelas 2 estrelas 1 estrela 100% Dos usuários recomendaram este produto Avaliar Produto Produtos Relacionados Receba em primeira mão nossas novidades e",,10.49,,,,unknown,
Loja Online,"Loja Online Institucional Encontre o Clique&Retire Como Funciona o Delivery Atendimento hipermercado bourbon assis brasil CORREDORES Pesquise produtos ou marcas Minhas Listas Favoritos Entrar Ir para o Checkout Bebidas Refrigerantes Demais Refrigerantes Refrigerante H2OH! Limão Zero Açúcares 1,5 Litro Refrigerante H2OH! Limão Zero Açúcares 1,5 Litro 5 (1 avaliação) R$ 8,19 R$ 5,46 / L Adicionar Em até 1 x de R$ 8,19 sem juros Ver opções de pagamento Compre com o seu cartão Zaffari ou Bourbon e acumule pontos Ver mais produtos H2OH! Referência : 1009343 Detalhes do Produto Descrição do produto Refrigerante de Limão Zero Açúcares, da marca H2OH!, em garrafa com 1,5 litro. Combinando com diversos momentos, a bebida é ideal para quem aprecia o sabor cítrico do limão. Com delicadas bolhas de gás, o refrigerante proporciona uma experiência agradável e refrescante ao ser degustado. Livre da adição de açúcares em seu preparo, é elaborado com ingredientes selecionados, incluindo água gaseificada, suco concentrado de limão e aspartame. Translúcido, conta com aroma cítrico, que é marcado por notas da fruta utilizada em sua elaboração. Saborosa, a bebida pode ser consumida em várias ocasiões, seja para saciar a sede, utilizada no preparo de drinks ou mesmo durante as refeições. Sua porção de 200 mililitros (1 copo) possui 84 miligramas de sódio e não apresenta quantidades significativas de valor energético e carboidratos. O refrigerante pode ser conservado em local seco e fresco ou sob refrigeração, de acordo com a preferência de consumo. ALÉRGICOS: Contém fenilalanina. Avaliações 5 Média entre 1 avaliação 5 estrelas 4 estrelas 3 estrelas 2 estrelas 1 estrela 100% Dos usuários recomendaram este produto Avaliar Produto Produtos Relacionados Cebola-branca R$ 0,89 Uma unidade equivale 301g Adicionar R$ 2,99 / kg Tomate Italiano R$ 1,57 Uma unidade equivale 158g Adicionar R$ 9,98 / kg Banana Prata de 4 a 6 un - 886g R$ 8,84 Uma unidade equivale 886g Adicionar R$ 9,98 / kg Refrigera",,8.19,,,,unknown,
¿Qué estás buscando?,"¿Qué estás buscando? Ingresar Supermercado Despensa Harinas y reposteria Harina De Trigo Selecta 1Kg Selecta Cargando comentarios… Harina De Trigo Selecta 1Kg Harina De Trigo Selecta 1Kg Referencia : 3018596 Información La harina de trigo Selecta es una excelente opción para cocinar tus recetas de postres favoritos, utilízala para preparar desde un pastel de cumpleaños hasta unas tortillas de harina caseras, a ti y a tu familia les encantará su delicioso sabor. Las imágenes del producto son únicamente de referencia, el diseños de etiquetas y el contenido (ml, L, Kg, g, piezas, etc) pueden cambiar y/o variar sin previo aviso. Mostrar más Comparte Vendido y entregado por: Chedraui Descripción Especificaciones La harina de trigo Selecta es una excelente opción para cocinar tus recetas de postres favoritos, utilízala para preparar desde un pastel de cumpleaños hasta unas tortillas de harina caseras, a ti y a tu familia les encantará su delicioso sabor. Productos relacionados Harina Chedraui Trigo 1Kg Chedraui $0.00 1 pieza de 1Kg Combo Cantidad Máxima Equivale a ≈1 pza 3x2 Harina Trigo Espuma De Chapala Intregal 1Kg Espuma de Chapala $0.00 1 kg Combo Cantidad Máxima Equivale a ≈1 pza 3x2 Harina de Maíz Maseca 1Kg Maseca $0.00 1 pieza de 1Kg Combo Cantidad Máxima Equivale a ≈1 pza 3x2 Harina San Blas de Trigo Integral 1kg San Blas $0.00 1 pieza de 1kg Combo Cantidad Máxima Equivale a ≈1 pza 3x2 Harina de Trigo La Moderna 1kg La Moderna $0.00 1 kg Combo Cantidad Máxima Equivale a ≈1 pza 3x2 Harina Minsa Delicias 1 Kg Minsa $0.00 1 kg Combo Cantidad Máxima Equivale a ≈1 pza 3x2 Harina Integral Tres Estrellas 1kg Tres Estrellas $0.00 1 pieza de 1kg Combo Cantidad Máxima Equivale a ≈1 pza 3x2 Harina de Trigo Sol de Oro 1kg Sol de Oro $0.00 1 pieza de 1kg Combo Cantidad Máxima Equivale a ≈1 pza 3x2 Harina De Maíz Chedraui Nixtamalizado 1Kg Chedraui $0.00 1kg Combo Cantidad Máxima Equivale a ≈1 pza 3x2 Harina Selecta Tortilla De Trigo 1Kg Selecta $0.00 1 pieza de 1Kg Combo Can",,000,,,,unknown,
Loja Online,"Loja Online Institucional Encontre o Clique&Retire Como Funciona o Delivery Atendimento CORREDORES Minhas Listas Favoritos Entrar Ir para o Checkout Bebidas Refrigerantes Guaranás Refrigerante Charrua Guaraná 2 Litros Refrigerante Charrua Guaraná 2 Litros Carregando avaliações... R$ 5,99 R$ 3,00 / L Em até 1 x de R$ 5,99 sem juros Ver opções de pagamento Compre com o seu cartão Zaffari ou Bourbon e acumule pontos Ver mais produtos Charrua Referência : 1010798 Carregando... Detalhes do Produto Descrição do produto Refrigerante Guaraná, da marca Charrua, em garrafa com 2 litros. É a escolha perfeita para quem busca um sabor autêntico e refrescante. Produzido com ingredientes selecionados, esta bebida se destaca por seu gosto marcante de guaraná, uma fruta típica da Amazônia, conhecida por seu sabor doce e levemente ácido. É ideal para diversas ocasiões, como reuniões familiares e churrascos, festas e celebrações, piqueniques e passeios ao ar livre. O sabor suave e levemente adocicado do guaraná combina perfeitamente com diversos pratos e petiscos, como churrascos, sanduíches, petiscos, bolos e hambúrgueres. Sua porção de 100 mililitros (1/2 copo) possui, aproximadamente, valor energético de 32 kcal, 8 gramas de açúcares e 14 miligramas de sódio. Recomenda-se manter a bebida em local seco e fresco ou sob refrigeração para uma melhor experiência. Produtos Relacionados Receba em primeira mão nossas novidades e ofertas Qual sua região? RS SP Cadastrar Ao clicar em cadastrar, você concorda com o envio de nossas novidades e ofertas. Para saber mais, veja nossa política de privacidade aqui . Nossas Lojas Encontre a sua Como Comprar? Tire aqui suas dúvidas Formas de Pagamento Para compras no site Zaffari Card e Bourbon Card Solicite o seu Sac Redes sociais Preferências de cookies Formas de pagamento loja online Delivery *Somente crédito Clique&Retire *Pagamento em loja Selos de Segurança Baixe o APP Zaffari Loja Online Formas de pagamento lojas físicas Crédito Débito Convênio",,5.99,,,,unknown,
Loja Online,"Loja Online Institucional Encontre o Clique&Retire Como Funciona o Delivery Atendimento hipermercado bourbon assis brasil CORREDORES Pesquise produtos ou marcas Minhas Listas Favoritos Entrar Ir para o Checkout Bebidas Refrigerantes Guaranás Refrigerante Antarctica Guaraná Zero 2 Litros Refrigerante Antarctica Guaraná Zero 2 Litros 5 (1 avaliação) R$ 7,89 R$ 3,94 / L Adicionar Em até 1 x de R$ 7,89 sem juros Ver opções de pagamento Compre com o seu cartão Zaffari ou Bourbon e acumule pontos Ver mais produtos Antarctica Referência : 1008953 Detalhes do Produto Descrição do produto Refrigerante Guaraná Zero Açúcar, da marca Antarctica, em garrafa de 2 litros. O refrigerante mantém o sabor característico do guaraná, com um toque doce e refrescante, mas sem açúcar, o que o torna ideal para quem apresenta esse tipo de restrição alimentar, sendo também uma alternativa mais leve em termos de calorias. A garrafa de 2 litros é uma embalagem prática para o consumo em família ou em eventos, oferecendo uma quantidade suficiente de refrigerante para várias pessoas. Pode ser servido gelado, o que é ideal para melhorar a experiência de consumo, especialmente em dias quentes ou em eventos sociais, podendo também ser consumido em temperatura ambiente. É uma bebida saborosa, perfeita para acompanhar o almoço e o jantar, bem como lanches eventuais. Combina muito bem com pipoca, cachorro-quente, pizza, churrasco e pratos do dia a dia. Quando armazenado, é recomendado que seja mantido em local fresco e seco, longe da luz solar direta. Em sua porção com 200 mililitros contém valor energético de 83 kcal, 20 gramas de carboidratos e 11 miligramas de sódio. INGREDIENTES: Água gaseificada, extrato de guaraná, acidulante ácido cítrico, edulcorantes: aspartame (34,8 mg/100 ml) e acessulfame de potássio (9,0mg/100 ml), conservador benzoato de sódio, aromatizante e corante caramelo IV. Fornece quantidades não significativas de açúcares. ALÉRGICOS: Contem glúten. Contém fenilalanina. Avaliações 5",,7.89,,,,unknown,
Loja Online,"Loja Online Institucional Encontre o Clique&Retire Como Funciona o Delivery Atendimento hipermercado bourbon assis brasil CORREDORES Pesquise produtos ou marcas Minhas Listas Favoritos Entrar Ir para o Checkout Bebidas Refrigerantes Demais Refrigerantes Refrigerante Fanta Laranja 2 Litros Refrigerante Fanta Laranja 2 Litros 5 (1 avaliação) R$ 8,69 R$ 4,34 / L Adicionar Em até 1 x de R$ 8,69 sem juros Ver opções de pagamento Compre com o seu cartão Zaffari ou Bourbon e acumule pontos Ver mais produtos Fanta Referência : 1010783 Detalhes do Produto Descrição do produto Refrigerante de Laranja, da marca Fanta, em garrafa com 2 litros. Feito em parte com suco natural da fruta, esse refrigerante tem uma combinação equilibrada de doçura e acidez que agrada os paladares. Ideal para momentos de descontração com amigos e familiares, ele é perfeito para acompanhar refeições ou petiscos em qualquer ocasião, seja um almoço em família, churrasco, festas ou até mesmo como refresco em dias de calor. Sua embalagem prática de 2 litros é perfeita para compartilhar, garantindo mais praticidade para servir e armazenar. Além de refrescante, proporciona aquele toque de energia, sendo uma bebida levemente gaseificada que realça o sabor da fruta, sem perder a suavidade. Com um toque especial de doçura, é sinônimo de diversão e alegria em cada gole, uma escolha que traz cor e sabor para qualquer momento. Sua porção de 200 mililitros (1 copo) possui valor energético de 80 kcal, 20 gramas de açúcares totais e 24 miligramas de sódio. Recomenda-se consumir a bebida gelada para uma melhor experiência. INGREDIENTES: Água gaseificada, açúcar, suco concentrado de laranja (4,20%), suco concentrado de maçã (1,00%), reguladores de acidez ácido cítrico e citrato trissódico, aromatizante, conservadores benzoato de sódio e sorbato de potássio e corante amarelo crepúsculo FCF. Avaliações 5 Média entre 1 avaliação 5 estrelas 4 estrelas 3 estrelas 2 estrelas 1 estrela 100% Dos usuários recomendaram este pro",,8.69,,,,unknown,
Loja Online,"Loja Online Institucional Encontre o Clique&Retire Como Funciona o Delivery Atendimento hipermercado bourbon assis brasil CORREDORES Pesquise produtos ou marcas Minhas Listas Favoritos Entrar Ir para o Checkout Mercearia Massas Massas Secas Massa de Sêmola Spaghetti Mercatto 500g Massa de Sêmola Spaghetti Mercatto 500g 5 (1 avaliação) R$ 10,90 R$ 21,80 / kg Adicionar Em até 1 x de R$ 10,90 sem juros Ver opções de pagamento Compre com o seu cartão Zaffari ou Bourbon e acumule pontos Ver mais produtos Mercatto Referência : 1087928 Detalhes do Produto Descrição do produto Massa de Sêmola Spaghetti, da marca Mercatto, em embalagem com 500 gramas. É elaborada com trigo de alta qualidade, oferecendo um sabor suave e autêntico, característico das massas italianas. Sua textura é firme e agradável, mantendo o ponto al dente mesmo após o cozimento, o que garante uma experiência equilibrada a cada garfada. O formato longo e fino é versátil e perfeito para envolver-se completamente com diferentes tipos de molhos, desde os tradicionais à base de tomate e manjericão até preparos cremosos, aromáticos ou com frutos do mar. Pode ser servida em refeições simples ou composições mais elaboradas, acompanhada por saladas frescas, pães artesanais e queijos curados. Harmoniza muito bem com vinhos tintos leves, brancos frescos, espumantes secos e também com sucos naturais, tornando-se uma escolha prática e saborosa para diversas ocasiões, reunindo qualidade, versatilidade e um toque especial à mesa. Sua porção de 80 gramas (1 prato raso), possui valor energético de 278 kcal, 58 gramas de carboidratos, 9,6 gramas de proteínas e 2,4 gramas de fibras. Não apresenta valores significativos de sódio. Para conservação do produto, é recomendado que seja mantido em local seco e fresco, longe da incidência de luz solar direta. INGREDIENTES: Sêmola de trigo durum. ALÉRGICOS: Contém glúten. Avaliações 5 Média entre 1 avaliação 5 estrelas 4 estrelas 3 estrelas 2 estrelas 1 estrela 100% Dos usuários reco",,10.90,,,,unknown,
Loja Online,"Loja Online Institucional Encontre o Clique&Retire Como Funciona o Delivery Atendimento CORREDORES Minhas Listas Favoritos Entrar Ir para o Checkout Mercearia Massas Massas Secas Massa de Sêmola com Ovos Spaghetti Capellini 500g Massa de Sêmola com Ovos Spaghetti Capellini 500g Carregando avaliações... R$ 3,99 R$ 7,98 / kg Em até 1 x de R$ 3,99 sem juros Ver opções de pagamento Compre com o seu cartão Zaffari ou Bourbon e acumule pontos Ver mais produtos Capellini Referência : 1096818 Carregando... Detalhes do Produto Descrição do produto Massa Espaguete de Sêmola com Ovos, da marca exclusiva Capellini, em embalagem com 500 gramas. Uma opção clássica e tradicional, é muito utilizada na culinária italiana. Feita com ingredientes de alta qualidade, apresenta textura delicada e sabor autêntico, que combina com inúmeros preparos. Com formato alongado e cilíndrico, característico da variedade, é ótima para envolvimento com os molhos. Sua receita, que é produzida com sêmola de trigo durum, também leva ovos frescos, o que confere um sabor rico e autêntico. Essa característica também a torna ideal para combinar com molhos diversos, como molho vermelho, à base de queijo, pesto e outros acompanhamentos, como carnes e vegetais. Seu preparo é simples e rápido, basta utilizar água quente e seguir as recomendações da embalagem. Sua porção de 80 gramas (1 prato) possui, aproximadamente, valor energético de 287 kcal, 58 gramas de carboidratos, 10 gramas de proteínas, 1 grama de gorduras totais e 2 gramas de fibra alimentar. Para conservação do produto, é recomendado que seja mantido em local seco e fresco, longe da incidência de luz solar direta. ALÉRGICOS: Contém glúten, ovos e derivados de trigo. Pode conter soja. Produtos Relacionados Receba em primeira mão nossas novidades e ofertas Qual sua região? RS SP Cadastrar Ao clicar em cadastrar, você concorda com o envio de nossas novidades e ofertas. Para saber mais, veja nossa política de privacidade aqui . Nossas Lojas Encontre a s",,3.99,,,,unknown,
Loja Online,"Loja Online Institucional Encontre o Clique&Retire Como Funciona o Delivery Atendimento hipermercado bourbon assis brasil CORREDORES Pesquise produtos ou marcas Minhas Listas Favoritos Entrar Ir para o Checkout Mercearia Massas Massas Secas Massa Capellini nº1 Barilla 500g Massa Capellini nº1 Barilla 500g 5 (3 avaliações) R$ 12,90 R$ 25,80 / kg Adicionar Em até 1 x de R$ 12,90 sem juros Ver opções de pagamento Compre com o seu cartão Zaffari ou Bourbon e acumule pontos Ver mais produtos Barilla Referência : 1020872 Detalhes do Produto Descrição do produto Massa Capellini nº 1, da marca Barilla, em embalagem com 500 gramas. É uma opção de massa fina e delicada, ideal para preparar pratos rápidos e sofisticados. Possui formato alongado e mais fino que o espaguete, cozinhando rapidamente, sendo, por isso, uma opção prática e rápida para as refeições do dia a dia. É um produto importado da Itália, feito 100% com trigo grano duro e livre de sódio e de gordura trans. É ideal para acompanhar molhos leves, como um molho de tomate fresco, molho de azeite com alho, ou um molho à base de ervas. Pode ser usado em saladas de massa frias, combinando com ingredientes como legumes grelhados, queijos e ervas frescas, assim como é perfeito como acompanhamento em pratos de pratos finos e elegantes, como pratos de frutos do mar ou carnes delicadas. Em sua porção de 80 gramas contém valor energético de 282 kcal e 9,3 gramas de proteínas. Para conservação do produto, é recomendado que seja mantido em local seco e fresco, longe da incidência de luz solar direta. Avaliações 5 Média entre 3 avaliações 5 estrelas 4 estrelas 3 estrelas 2 estrelas 1 estrela 100% Dos usuários recomendaram este produto Avaliar Produto Produtos Relacionados Banana Prata Orgânica Naturale 800g R$ 7,99 Adicionar R$ 9,99 / kg Batata-branca R$ 1,32 Uma unidade equivale 301g Adicionar R$ 4,39 / kg Cebola-branca R$ 0,89 Uma unidade equivale 301g Adicionar R$ 2,99 / kg Pão Cacetinho Pão Francês Zaffari R$ 1,10 Uma unida",,12.90,,,,unknown,
Loja Online,"Loja Online Institucional Encontre o Clique&Retire Como Funciona o Delivery Atendimento CORREDORES Minhas Listas Favoritos Entrar Ir para o Checkout Mercearia Massas Massas Secas Massa Spaghetti Veggie Protein+ Grano Duro N8 Renata 500g Massa Spaghetti Veggie Protein+ Grano Duro N8 Renata 500g Carregando avaliações... R$ 16,90 R$ 33,80 / kg Em até 1 x de R$ 16,90 sem juros Ver opções de pagamento Compre com o seu cartão Zaffari ou Bourbon e acumule pontos Ver mais produtos Renata Referência : 1097422 Carregando... Detalhes do Produto Descrição do produto Massa Spaghetti Veggie Protein+ Grano Duro Spaghetti N8, da marca Renata, vem em embalagem com 500 gramas. Produtos Relacionados Receba em primeira mão nossas novidades e ofertas Qual sua região? RS SP Cadastrar Ao clicar em cadastrar, você concorda com o envio de nossas novidades e ofertas. Para saber mais, veja nossa política de privacidade aqui . Nossas Lojas Encontre a sua Como Comprar? Tire aqui suas dúvidas Formas de Pagamento Para compras no site Zaffari Card e Bourbon Card Solicite o seu Sac Redes sociais Preferências de cookies Formas de pagamento loja online Delivery *Somente crédito Clique&Retire *Pagamento em loja Selos de Segurança Baixe o APP Zaffari Loja Online Formas de pagamento lojas físicas Crédito Débito Convênios* *Aceitamos somente convênios de alimentação. © 2025 Grupo Zaffari. Todos os Direitos Reservados. Preços e produtos válidos, exclusivamente, para compras no site, sujeitos à alteração de preço, condições de pagamento e disponibilidade de estoque, sem aviso prévio. Os preços visualizados podem ser diferentes dos praticados nas lojas físicas. As fotos dos produtos são meramente ilustrativas, podendo divergir com o produto real, confirme os detalhes do produto na respectiva descrição. Os produtos estarão sujeitos a disponibilidade de estoque quando o pedido estiver em separação. Todos os pedidos estão sujeitos a confirmação de dados cadastrais e pagamentos. SÃO PROIBIDAS A VENDA E A ENTREG",,16.90,,,,unknown,
Loja Online,"Loja Online Institucional Encontre o Clique&Retire Como Funciona o Delivery Atendimento hipermercado bourbon assis brasil CORREDORES Pesquise produtos ou marcas Minhas Listas Favoritos Entrar Ir para o Checkout Mercearia Alimentos Especiais Alimentos Sem Glúten Massa de Arroz Espaguete sem Glúten Urbano 500g Massa de Arroz Espaguete sem Glúten Urbano 500g 5 (1 avaliação) R$ 5,98 R$ 11,96 / kg Adicionar Em até 1 x de R$ 5,98 sem juros Ver opções de pagamento Compre com o seu cartão Zaffari ou Bourbon e acumule pontos Ver mais produtos Urbano Referência : 1084664 Detalhes do Produto Descrição do produto Massa de Arroz tipo Espaguete sem Glúten, da marca Urbano, em embalagem com 500 gramas. Especialmente desenvolvida para aqueles que buscam uma dieta equilibrada e sem glúten, essa massa é produzida a partir de arroz, oferecendo uma textura suave e sabor versátil que combina perfeitamente com diversos molhos e acompanhamentos. Ideal para quem possui restrições alimentares ou apenas deseja experimentar uma opção diferente, a massa de arroz é uma excelente escolha para pratos que vão do tradicional ao criativo. Com preparo rápido e fácil, ela fica pronta em minutos, garantindo refeições práticas e saudáveis. Aproveite essa opção sem glúten para variar o cardápio, explorando novas combinações de sabores e trazendo mais leveza para o dia a dia. Sua porção de 80 gramas(1 ½ xícara) possui valor energético de 280 kcal, 62 gramas de carboidratos, 5,8 gramas de proteínas e 4 miligramas de sódio. Recomenda-se manter o alimento em recipiente com tampa, protegendo-o do calor e umidade. Avaliações 5 Média entre 1 avaliação 5 estrelas 4 estrelas 3 estrelas 2 estrelas 1 estrela 100% Dos usuários recomendaram este produto Avaliar Produto Produtos Relacionados Cebola-branca R$ 0,89 Uma unidade equivale 301g Adicionar R$ 2,99 / kg Banana Prata Orgânica Naturale 800g R$ 7,99 Adicionar R$ 9,99 / kg Massa de Arroz Parafuso sem Glúten Urbano 500g R$ 5,98 Adicionar R$ 11,96 / kg Cenoura R$ 0,",,5.98,,,,unknown,
Loja Online,"Loja Online Institucional Encontre o Clique&Retire Como Funciona o Delivery Atendimento hipermercado bourbon assis brasil CORREDORES Pesquise produtos ou marcas Minhas Listas Favoritos Entrar Ir para o Checkout Frios e Laticínios Laticínios Leites Leite UHT Semidesnatado Parmalat Garrafa 1 Litro Leite UHT Semidesnatado Parmalat Garrafa 1 Litro 5 (1 avaliação) R$ 4,75 R$ 4,75 / L Adicionar +6 +12 +18 Em até 1 x de R$ 4,75 sem juros Ver opções de pagamento Compre com o seu cartão Zaffari ou Bourbon e acumule pontos Ver mais produtos Parmalat Referência : 1057160 Detalhes do Produto Descrição do produto Leite UHT Semidesnatado, da marca Parmalat, em garrafa com 1 litro. Combina sabor suave e qualidade nutricional, sendo uma excelente escolha para o consumo diário de adultos e crianças. Submetido ao processo UHT (Ultra High Temperature), esse leite passa por um aquecimento controlado que garante sua segurança alimentar, preservando suas propriedades por mais tempo sem a necessidade de refrigeração antes da abertura. Sua textura leve e o gosto levemente adocicado o tornam ideal para ser apreciado puro, acompanhando refeições, misturado a cereais ou incorporado em diversas receitas culinárias, desde molhos e bolos até cremes e sobremesas. Além de proporcionar um toque especial no preparo de bebidas como café com leite, vitaminas e smoothies, esse leite destaca-se por sua composição equilibrada, que mantém a cremosidade e o valor nutricional, mas com um teor reduzido de gordura em comparação à versão integral. Rico em cálcio, um mineral essencial para a manutenção da saúde óssea, também contém vitaminas A, B12 e D, que desempenham papéis importantes na imunidade, na formação das células vermelhas do sangue e na absorção de nutrientes fundamentais para o organismo. A embalagem prática em garrafa facilita o armazenamento e o manuseio, preservando o frescor e a qualidade do produto até o último gole. Seja no café da manhã, no lanche ou no preparo de pratos variados, essa opçã",,4.75,,,,unknown,
Loja Online,"Loja Online Institucional Encontre o Clique&Retire Como Funciona o Delivery Atendimento CORREDORES Minhas Listas Favoritos Entrar Ir para o Checkout Produtos Ordenar Por Ordenar Ordenar Mais Vendidos Mais recentes Descontos Maior preço Menor preço De A - Z De Z - A Receba em primeira mão nossas novidades e ofertas Qual sua região? RS SP Cadastrar Ao clicar em cadastrar, você concorda com o envio de nossas novidades e ofertas. Para saber mais, veja nossa política de privacidade aqui . Nossas Lojas Encontre a sua Como Comprar? Tire aqui suas dúvidas Formas de Pagamento Para compras no site Zaffari Card e Bourbon Card Solicite o seu Sac Redes sociais Preferências de cookies Formas de pagamento loja online Delivery *Somente crédito Clique&Retire *Pagamento em loja Selos de Segurança Baixe o APP Zaffari Loja Online Formas de pagamento lojas físicas Crédito Débito Convênios* *Aceitamos somente convênios de alimentação. © 2025 Grupo Zaffari. Todos os Direitos Reservados. Preços e produtos válidos, exclusivamente, para compras no site, sujeitos à alteração de preço, condições de pagamento e disponibilidade de estoque, sem aviso prévio. Os preços visualizados podem ser diferentes dos praticados nas lojas físicas. As fotos dos produtos são meramente ilustrativas, podendo divergir com o produto real, confirme os detalhes do produto na respectiva descrição. Os produtos estarão sujeitos a disponibilidade de estoque quando o pedido estiver em separação. Todos os pedidos estão sujeitos a confirmação de dados cadastrais e pagamentos. SÃO PROIBIDAS A VENDA E A ENTREGA DE BEBIDAS ALCOÓLICAS A MENORES DE 18 (DEZOITO) ANOS (ART. 81, II DO ESTATUTO DA CRIANÇA E DO ADOLESCENTE). BEBA COM MODERAÇÃO. × Utilizamos cookies para melhorar a sua experiência navegação e analisar o uso do site. × Ok, ciente Definições de Cookies",,,,,,unknown,
Ingresar,"Ingresar Supermercado Despensa Harinas y reposteria Harina Chedraui Trigo 1Kg Chedraui Cargando comentarios… Harina Chedraui Trigo 1Kg Harina Chedraui Trigo 1Kg Referencia : 3793489 Información Harina Chedraui Trigo 1Kg Las imágenes del producto son únicamente de referencia, el diseños de etiquetas y el contenido (ml, L, Kg, g, piezas, etc) pueden cambiar y/o variar sin previo aviso. Mostrar más Comparte Vendido y entregado por: Chedraui Descripción Especificaciones Prepara tu despensa en unos cuantos clics y descubre nuestra gran variedad de productos. ¡No salgas de casa, nosotros te llevamos el súper! Productos relacionados Harina Chedraui Maiz 1Kg Chedraui $0.00 1 pz de 1Kg Combo Cantidad Máxima Equivale a ≈1 pza 3x2 Harina De Trigo Selecta 1Kg Selecta $0.00 1 pieza de 1Kg Combo Cantidad Máxima Equivale a ≈1 pza 3x2 Harina De Maíz Chedraui Nixtamalizado 1Kg Chedraui $0.00 1kg Combo Cantidad Máxima Equivale a ≈1 pza 3x2 Harina Trigo Espuma De Chapala Intregal 1Kg Espuma de Chapala $0.00 1 kg Combo Cantidad Máxima Equivale a ≈1 pza 3x2 Harina de Trigo Chedraui 750g Chedraui $0.00 750 g Combo Cantidad Máxima Equivale a ≈1 pza 3x2 Harina de Trigo Espuma de Chapala 1Kg Espuma de Chapala $0.00 1 kg Combo Cantidad Máxima Equivale a ≈1 pza 3x2 Harina para Tempura Kikkoman 283.5g Kikkoman $0.00 283.5 g Combo Cantidad Máxima Equivale a ≈1 pza 3x2 Harina Minsa Delicias 1 Kg Minsa $0.00 1 kg Combo Cantidad Máxima Equivale a ≈1 pza 3x2 Harina de Maíz Maseca 1Kg Maseca $0.00 1 pieza de 1Kg Combo Cantidad Máxima Equivale a ≈1 pza 3x2 Harina de Trigo Diluvio 1kg El Diluvio $0.00 1kg Combo Cantidad Máxima Equivale a ≈1 pza 3x2 Harina San Blas de Trigo Integral 1kg San Blas $0.00 1 pieza de 1kg Combo Cantidad Máxima Equivale a ≈1 pza 3x2 Harina Integral Tres Estrellas 1kg Tres Estrellas $0.00 1 pieza de 1kg Combo Cantidad Máxima Equivale a ≈1 pza 3x2 Harina de Trigo La Moderna 1kg La Moderna $0.00 1 kg Combo Cantidad Máxima Equivale a ≈1 pza 3x2 Harina De Maí­z Maseca Azul 1Kg Mas",,000,,,,unknown,
Loja Online,"Loja Online Institucional Encontre o Clique&Retire Como Funciona o Delivery Atendimento hipermercado bourbon assis brasil CORREDORES Pesquise produtos ou marcas Minhas Listas Favoritos Entrar Ir para o Checkout Frios e Laticínios Laticínios Leites Leite UHT Integral Ninho Nestlé 1 Litro Leite UHT Integral Ninho Nestlé 1 Litro R$ 4,78 na compra de 12 unidades 5 (1 avaliação) R$ 5,49 R$ 5,49 / L Adicionar +12 +24 +36 Em até 1 x de R$ 5,49 sem juros Ver opções de pagamento Leve mais e pague menos: Na compra de 12 unidades de Leite UHT Integral Ninho Nestlé 1 Litro , pague R$ 4,78 em cada unidade. É necessário adicionar as 12 unidades de Leite UHT Integral Ninho Nestlé 1 Litro no carrinho de compras para ativar a promoção. O valor por litro na promoção é de R$ 4,78 O desconto total será aplicado após incluir a quantidade de produtos acima e será possível visualizar no carrinho de compras. Oferta válida até 05/10/2025 ou enquanto durarem os estoques. Compre com o seu cartão Zaffari ou Bourbon e acumule pontos Ver mais produtos Nestlé Referência : 1027031 Detalhes do Produto Descrição do produto Leite UHT Integral Ninho, da marca Nestlé, em embalagem de 1 litro com tampa. Fazendo parte da linha Forti+, é rico em ferro, zinco e vitaminas A, C e D. Pode ser consumido puro ou utilizado no preparo de receitas. Nutritivo, é ideal para molhos para massas, estrogonofes, vitaminas, bolos e diversos tipos de sobremesas, como mousses, pavês e muito mais. Mais cremoso do que outras variedades de leite, é uma bebida para crianças e adultos. O copo de 200 mililitros da bebida possui valor energético de 122 kcal, 8,8 gramas de carboidratos, 6,8 gramas de proteínas e 126 miligramas de sódio. INGREDIENTES: Leite integral, minerais [cálcio (fosfato tricálcico), ferro (pirofosfato férrico) e zinco (sulfato de zinco)], vitaminas[vitamina C (ácido ascórbico), vitamina E (acetato de D, L alfa tocoferila), vitamina A (acetato de retinila) e vitamina D(colecalciferol)] e estabilizantes citrato ",,4.78,,,,unknown,
Loja Online,"Loja Online Institucional Encontre o Clique&Retire Como Funciona o Delivery Atendimento hipermercado bourbon assis brasil CORREDORES Pesquise produtos ou marcas Minhas Listas Favoritos Entrar Ir para o Checkout Frios e Laticínios Laticínios Alimentos sem Lactose Leite UHT Desnatado Zero Lactose Proteína Molico Nestlé 1 Litro Leite UHT Desnatado Zero Lactose Proteína Molico Nestlé 1 Litro 5 (1 avaliação) R$ 9,75 R$ 9,75 / L Adicionar +12 +24 +36 Em até 1 x de R$ 9,75 sem juros Ver opções de pagamento Compre com o seu cartão Zaffari ou Bourbon e acumule pontos Ver mais produtos Molico Referência : 1045576 Detalhes do Produto Descrição do produto Leite Desnatado Zero Lactose Molico Proteína, da marca Nestlé, em embalagem com 1 litro. É uma opção nutritiva e prática para o dia a dia. Com 10 gramas de proteína por copo, é ideal para quem busca reforço proteico sem adicionar gordura, já que é desnatado. Enriquecido com vitaminas e minerais, ajuda a manter a saúde óssea, fortalecer a imunidade e reduzir o cansaço. Sua textura leve combina com o consumo puro, além de poder ser utilizado em vitaminas, shakes, cafés e receitas diversas, como bolos, panquecas, cremes e sobremesas. É uma escolha acertada para quem tem rotina ativa, pratica esportes ou busca uma alimentação equilibrada. É uma solução versátil e saborosa para diferentes momentos do dia. Em sua porção de 100 mililitros, contém valor energético de 40 kcal, 4,9 gramas de carboidratos, 5 gramas de proteínas e 65 miligramas de sódio. Para conservação do produto, é recomendado que seja mantido em local seco e fresco, longe da incidência de luz solar direta. Aviso importante: Este produto não deve ser usado para alimentar crianças, a não ser por indicação expressa de médico ou nutricionista. O aleitamento materno evita infecções e alergias e é recomendado até os 2 (dois) anos de idade ou mais Avaliações 5 Média entre 1 avaliação 5 estrelas 4 estrelas 3 estrelas 2 estrelas 1 estrela 100% Dos usuários recomendaram este pr",,9.75,,,,unknown,
Loja Online,"Loja Online Institucional Encontre o Clique&Retire Como Funciona o Delivery Atendimento hipermercado bourbon assis brasil CORREDORES Pesquise produtos ou marcas Minhas Listas Favoritos Entrar Ir para o Checkout Infelizmente, não encontramos o que você procurava. Para continuar sua navegação em nosso site, basta clicar em uma das opções abaixo: VOLTAR PARA A PÁGINA INICIAL VER OFERTAS Receba em primeira mão nossas novidades e ofertas Qual sua região? RS SP Cadastrar Ao clicar em cadastrar, você concorda com o envio de nossas novidades e ofertas. Para saber mais, veja nossa política de privacidade aqui . Nossas Lojas Encontre a sua Como Comprar? Tire aqui suas dúvidas Formas de Pagamento Para compras no site Zaffari Card e Bourbon Card Solicite o seu Sac Redes sociais Preferências de cookies Formas de pagamento loja online Delivery *Somente crédito Clique&Retire *Pagamento em loja Selos de Segurança Baixe o APP Zaffari Loja Online Formas de pagamento lojas físicas Crédito Débito Convênios* *Aceitamos somente convênios de alimentação. © 2025 Grupo Zaffari. Todos os Direitos Reservados. Preços e produtos válidos, exclusivamente, para compras no site, sujeitos à alteração de preço, condições de pagamento e disponibilidade de estoque, sem aviso prévio. Os preços visualizados podem ser diferentes dos praticados nas lojas físicas. As fotos dos produtos são meramente ilustrativas, podendo divergir com o produto real, confirme os detalhes do produto na respectiva descrição. Os produtos estarão sujeitos a disponibilidade de estoque quando o pedido estiver em separação. Todos os pedidos estão sujeitos a confirmação de dados cadastrais e pagamentos. SÃO PROIBIDAS A VENDA E A ENTREGA DE BEBIDAS ALCOÓLICAS A MENORES DE 18 (DEZOITO) ANOS (ART. 81, II DO ESTATUTO DA CRIANÇA E DO ADOLESCENTE). BEBA COM MODERAÇÃO. × Utilizamos cookies para melhorar a sua experiência navegação e analisar o uso do site. × Ok, ciente Definições de Cookies Termos mais buscados 1º café 2º iogurte 3º pão 4º",,,,,,unknown,
Loja Online,"Loja Online Institucional Encontre o Clique&Retire Como Funciona o Delivery Atendimento hipermercado bourbon assis brasil CORREDORES Pesquise produtos ou marcas Minhas Listas Favoritos Entrar Ir para o Checkout Bebidas Cervejas Cervejas Tradicionais Cerveja Heineken Lata Sleek 350ml Cerveja Heineken Lata Sleek 350ml 5 (3 avaliações) R$ 5,79 R$ 16,54 / L Adicionar +12 +24 +36 Em até 1 x de R$ 5,79 sem juros Ver opções de pagamento Compre com o seu cartão Zaffari ou Bourbon e acumule pontos Ver mais produtos Heineken Referência : 1111003 Detalhes do Produto Descrição do produto Cerveja Lager Puro Malte, da marca Heineken, em lata com 350 mililitros. É uma escolha clássica para quem aprecia uma bebida de qualidade superior. Elaborada com ingredientes selecionados, essa cerveja se destaca pelo seu sabor equilibrado e refrescante. A lata é ideal para momentos de descontração, seja em encontros informais com amigos ou em ocasiões especiais, oferecendo a quantidade perfeita para apreciar sem exageros. Além disso, o formato da lata preserva as propriedades da cerveja, protegendo-a da luz e mantendo seu frescor e sua efervescência intactas. É uma opção versátil, que harmoniza bem com diversos tipos de comida, desde petiscos leves até pratos mais robustos, tornando-se uma companheira ideal para diferentes ocasiões. Para os apreciadores de cervejas premium, essa opção é uma excelente maneira de desfrutar de um produto que une sabor, história e sofisticação em cada gole. Recomenda-se que o produto seja consumido gelado para uma melhor experiência. IBU: 19 Teor Alcóolico: 5% Estilo: Pilsen SÃO PROIBIDAS A VENDA E A ENTREGA DE BEBIDAS ALCOÓLICAS A MENORES DE 18 (DEZOITO) ANOS (ART. 81, II DO ESTATUTO DA CRIANÇA E DO ADOLESCENTE). BEBA COM MODERAÇÃO. Avaliações 5 Média entre 3 avaliações 5 estrelas 4 estrelas 3 estrelas 2 estrelas 1 estrela 100% Dos usuários recomendaram este produto Avaliar Produto Produtos Relacionados Cerveja Heineken Long Neck 330ml R$ 5,99 Adicionar R$ 18,15 ",,5.79,,,,unknown,
Loja Online,"Loja Online Institucional Encontre o Clique&Retire Como Funciona o Delivery Atendimento hipermercado bourbon assis brasil CORREDORES Pesquise produtos ou marcas Minhas Listas Favoritos Entrar Ir para o Checkout Bebidas Cervejas Cervejas Especiais Cerveja Coronita Extra Long Neck 210ml Cerveja Coronita Extra Long Neck 210ml 5 (2 avaliações) R$ 5,49 R$ 26,14 / L Adicionar +6 +12 +18 Em até 1 x de R$ 5,49 sem juros Ver opções de pagamento Compre com o seu cartão Zaffari ou Bourbon e acumule pontos Ver mais produtos Corona Referência : 1031910 Detalhes do Produto Descrição do produto Cerveja Extra Coronita, da marca Corona, em long neck com 210 mililitros. De origem mexicana, vem no estilo Pilsen, sendo caracterizada por sua coloração em tom de amarelo palha e com teor alcoólico de 4,6%. De corpo leve e refrescante, a bebida conta com aroma delicado de cereais, com notas torradas e um toque ligeiramente floral, derivado do lúpulo utilizado em sua elaboração. No paladar, seu amargor é suave e seu sabor é marcado por nuances sutis de trigo. Sendo ideal para consumir em variados momentos, a cerveja harmoniza especialmente bem com pratos leves, como peixes, frutos do mar e queijos brancos. Além disso, acompanha bem petiscos e aperitivos simples, assim como outros inúmeros preparos. IBU: 9 Teor Alcoólico: 4,6% Estilo: Pilsen SÃO PROIBIDAS A VENDA E A ENTREGA DE BEBIDAS ALCOÓLICAS A MENORES DE 18 (DEZOITO) ANOS (ART. 81, II DO ESTATUTO DA CRIANÇA E DO ADOLESCENTE). BEBA COM MODERAÇÃO. Avaliações 5 Média entre 2 avaliações 5 estrelas 4 estrelas 3 estrelas 2 estrelas 1 estrela 100% Dos usuários recomendaram este produto Avaliar Produto Produtos Relacionados Receba em primeira mão nossas novidades e ofertas Qual sua região? RS SP Cadastrar Ao clicar em cadastrar, você concorda com o envio de nossas novidades e ofertas. Para saber mais, veja nossa política de privacidade aqui . Nossas Lojas Encontre a sua Como Comprar? Tire aqui suas dúvidas Formas de Pagamento Para compras no si",,5.49,,,,unknown,
Loja Online,"Loja Online Institucional Encontre o Clique&Retire Como Funciona o Delivery Atendimento hipermercado bourbon assis brasil CORREDORES Pesquise produtos ou marcas Minhas Listas Favoritos Entrar Ir para o Checkout Bebidas Cervejas Cervejas Tradicionais Cerveja Amstel Lager Long Neck 355ml Cerveja Amstel Lager Long Neck 355ml 5 (1 avaliação) R$ 4,99 R$ 14,06 / L Adicionar +6 +12 +18 Em até 1 x de R$ 4,99 sem juros Ver opções de pagamento Compre com o seu cartão Zaffari ou Bourbon e acumule pontos Ver mais produtos Amstel Referência : 1113834 Detalhes do Produto Descrição do produto Cerveja Puro Malte Lager, da marca Amstel, em garrafa Long Neck com 355 mililitros. Da linha Lager, é uma bebida refrescante, leve e fácil de beber. Produzida exclusivamente a partir de malte de cevada, é feita com ingredientes naturais. Não possui adição de cereais não maltados, nem aditivos. Sua coloração é amarelo dourado, com textura leve e sabor suave, com notas maltadas e um leve amargor. A temperatura recomendada para consumo é de 4ºC. É boa escolha para acompanhar petiscos, churrascos, sanduíches e pratos leves, como saladas, ceviches e carpaccios. Em garrafa Long Neck, pode ser consumida sem a utilização de copo, sendo ideal para encontros entre amigos em momentos de descontração. IBU: 10 Teor Alcoólico: 5% Estilo: Lager SÃO PROIBIDAS A VENDA E A ENTREGA DE BEBIDAS ALCOÓLICAS A MENORES DE 18 (DEZOITO) ANOS (ART. 81, II DO ESTATUTO DA CRIANÇA E DO ADOLESCENTE). BEBA COM MODERAÇÃO. Avaliações 5 Média entre 1 avaliação 5 estrelas 4 estrelas 3 estrelas 2 estrelas 1 estrela 100% Dos usuários recomendaram este produto Avaliar Produto Produtos Relacionados Receba em primeira mão nossas novidades e ofertas Qual sua região? RS SP Cadastrar Ao clicar em cadastrar, você concorda com o envio de nossas novidades e ofertas. Para saber mais, veja nossa política de privacidade aqui . Nossas Lojas Encontre a sua Como Comprar? Tire aqui suas dúvidas Formas de Pagamento Para compras no site Zaffari Car",,4.99,,,,unknown,
Loja Online,"Loja Online Institucional Encontre o Clique&Retire Como Funciona o Delivery Atendimento CORREDORES Minhas Listas Favoritos Entrar Ir para o Checkout Bebidas Cervejas Cervejas Tradicionais Cerveja Spaten Puro Malte Lata 473ml Cerveja Spaten Puro Malte Lata 473ml Carregando avaliações... R$ 5,19 R$ 10,97 / L Em até 1 x de R$ 5,19 sem juros Ver opções de pagamento Compre com o seu cartão Zaffari ou Bourbon e acumule pontos Ver mais produtos Spaten Referência : 1104618 Carregando... Detalhes do Produto Descrição do produto Cerveja Puro Malte, da marca Spaten, em lata com 473 mililitros. No estilo Munich Helles, possui corpo médio, de coloração dourada característica, trazendo notas intensas de malte e cevada. Levemente amarga, proveniente do lúpulo, é livre de glúten e leva entre seus ingredientes água, malte, entre outros. Sua textura é cremosa e aveludada, com carbonatação moderada e espuma consistente, que realça a experiência de cada gole. Ideal para confraternizações, churrascos, encontros ao ar livre ou momentos de relaxamento no fim do dia, essa cerveja combina perfeitamente com carnes grelhadas, salsichas alemãs, batatas rústicas, queijos amarelos e petiscos de bar. Também pode ser apreciada com pratos da culinária alemã ou hambúrgueres artesanais. Pode ser harmonizada com carnes vermelhas e petiscos assados ou grelhados, carnes brancas, saladas frescas e salsicha alemã. Deve ser servida gelada, entre 0ºC e 4ºC, para valorizar suas qualidades sensoriais, tornando-se uma excelente opção para quem busca uma cerveja de personalidade e fácil de beber. Para conservação do produto, é recomendado que seja mantido em local seco e fresco, longe da incidência de luz solar direta. IBU: 16 Teor Alcoólico: 5,2% Estilo: Munich Helles SÃO PROIBIDAS A VENDA E A ENTREGA DE BEBIDAS ALCOÓLICAS A MENORES DE 18 (DEZOITO) ANOS (ART. 81, II DO ESTATUTO DA CRIANÇA E DO ADOLESCENTE). BEBA COM MODERAÇÃO. Produtos Relacionados Receba em primeira mão nossas novidades e ofertas Qual sua reg",,5.19,,,,unknown,
Loja Online,"Loja Online Institucional Encontre o Clique&Retire Como Funciona o Delivery Atendimento hipermercado bourbon assis brasil CORREDORES Pesquise produtos ou marcas Minhas Listas Favoritos Entrar Ir para o Checkout Bebidas Cervejas Cervejas Tradicionais Cerveja Itaipava Pilsen Lata 473ml Cerveja Itaipava Pilsen Lata 473ml 5 (1 avaliação) R$ 3,48 R$ 7,36 / L Adicionar +12 +24 +36 Em até 1 x de R$ 3,48 sem juros Ver opções de pagamento Compre com o seu cartão Zaffari ou Bourbon e acumule pontos Ver mais produtos Itaipava Referência : 1018546 Detalhes do Produto Descrição do produto Cerveja no estilo Pilsen da marca Itaipava em lata com 473 mililitros. Com coloração amarelo palha, é uma bebida de corpo leve e com baixo amargor. Harmoniza bem com carnes vermelhas e assados. Sua porção de 100 mililitros possui valor energético de 46 kcal. IBU: 9 Teor alcoólico: 4,5% Estilo: Pilsen SÃO PROIBIDAS A VENDA E A ENTREGA DE BEBIDAS ALCOÓLICAS A MENORES DE 18 (DEZOITO) ANOS (ART. 81, II DO ESTATUTO DA CRIANÇA E DO ADOLESCENTE). BEBA COM MODERAÇÃO. Avaliações 5 Média entre 1 avaliação 5 estrelas 4 estrelas 3 estrelas 2 estrelas 1 estrela 100% Dos usuários recomendaram este produto Avaliar Produto Produtos Relacionados Batata-branca R$ 1,32 Uma unidade equivale 301g Adicionar R$ 4,39 / kg Cebola-branca R$ 0,89 Uma unidade equivale 301g Adicionar R$ 2,99 / kg Carne Moída de Acém Bovino Zaffari 500g R$ 27,90 Adicionar R$ 55,80 / kg Suco de Laranja Integral Naturale 3 Litros R$ 29,98 Adicionar R$ 9,99 / L Receba em primeira mão nossas novidades e ofertas Qual sua região? RS SP Cadastrar Ao clicar em cadastrar, você concorda com o envio de nossas novidades e ofertas. Para saber mais, veja nossa política de privacidade aqui . Nossas Lojas Encontre a sua Como Comprar? Tire aqui suas dúvidas Formas de Pagamento Para compras no site Zaffari Card e Bourbon Card Solicite o seu Sac Redes sociais Preferências de cookies Formas de pagamento loja online Delivery *Somente crédito Clique&Retire *Paga",,3.48,,,,unknown,
Loja Online,"Loja Online Institucional Encontre o Clique&Retire Como Funciona o Delivery Atendimento hipermercado bourbon assis brasil CORREDORES Pesquise produtos ou marcas Minhas Listas Favoritos Entrar Ir para o Checkout Carnes Carne de Aves Frango Caipira Inteiro Congelado Nhô Bento Seara Frango Caipira Inteiro Congelado Nhô Bento Seara Seja o primeiro a avaliar. R$ 60,64 R$ 21,90 / kg Adicionar Em até 1 x de R$ 60,64 sem juros Ver opções de pagamento Uma unidade equivale 2,769kg O valor da compra pode sofrer diferença no valor final. Saiba como funciona a compra por Kg Compre com o seu cartão Zaffari ou Bourbon e acumule pontos Ver mais produtos Seara Referência : 1007429 Detalhes do Produto Descrição do produto Frango Caipira Inteiro Congelado Nhô Bento, da marca Seara, vendido por peso. É uma excelente opção para quem busca um sabor autêntico e uma carne de qualidade superior. Criado solto em fazendas mineiras, esse frango caipira possui uma carne mais firme, suculenta e com sabor mais intenso, que remete à comida caseira e ao modo tradicional de criação. Ele é ideal para quem aprecia uma refeição mais saborosa e nutritiva, sendo perfeito para assados, cozidos, além de perfeito para o clássico frango com quiabo. A embalagem congelada garante maior praticidade, mantendo o frescor e qualidade da carne por mais tempo. É a escolha perfeita para quem deseja uma refeição rica em sabor e preparada com ingredientes naturais. Ele combina perfeitamente com guarnições como arroz, farofa, salada de folhas e batatas assadas, criando uma refeição saborosa e equilibrada. Para acompanhar, vinhos leves como um Sauvignon Blanc, cervejas Pilsen ou sucos naturais de frutas cítricas são opções ideais para realçar o sabor da carne. Para conservação do produto, deve ser mantido no congelador até o momento de preparo. Carne de Aves Inteiro Avaliações 0 Média entre 0 avaliações 5 estrelas 4 estrelas 3 estrelas 2 estrelas 1 estrela Avaliar Produto Produtos Relacionados Filé de Peito de Frango Resf",,60.64,,,,unknown,
Loja Online,"Loja Online Institucional Encontre o Clique&Retire Como Funciona o Delivery Atendimento hipermercado bourbon assis brasil CORREDORES Pesquise produtos ou marcas Minhas Listas Favoritos Entrar Ir para o Checkout Carnes Carne de Aves Sobrecoxa de Frango Congelada Nat Verde 1kg Sobrecoxa de Frango Congelada Nat Verde 1kg 5 (1 avaliação) R$ 15,90 R$ 15,90 / kg Adicionar Em até 1 x de R$ 15,90 sem juros Ver opções de pagamento Compre com o seu cartão Zaffari ou Bourbon e acumule pontos Ver mais produtos Nat Referência : 1112057 Detalhes do Produto Descrição do produto Sobrecoxa de Frango, da marca Nat, em embalagem com 1 quilo. É um corte suculento e macio, retirado da parte superior da coxa do frango, abaixo da coxa inteira. Esse corte é caracterizado por sua textura tenra e marmorização moderada, o que garante um sabor intenso e uma carne mais úmida durante o preparo. Sua versatilidade permite o uso em diversas receitas, como assados, grelhados, fritos ou cozidos, sendo uma escolha ideal para pratos como sobrecoxas assadas com batatas. A sobrecoxa pode ser temperada com ervas, alho e azeite, marinada e assada lentamente no forno, resultando em uma pele crocante e carne suculenta. Também pode ser grelhada ou frita para um preparo mais rápido, ou cozida em ensopados e caldos, absorvendo os sabores dos temperos utilizados. Parte da linha Verde, é livre de antibióticos, tendo sua origem de granjas certificadas. Sua porção de 78 gramas (1/2 unidade) possui valor energético de 125 kcal, 13 gramas de proteínas, 7,9 gramas de gorduras totais e 49 miligramas de sódio. Para garantir a máxima qualidade e frescor, conserve o produto congelado a -12°C ou mais frio. Carne de Aves Cortes Tradicionais Avaliações 5 Média entre 1 avaliação 5 estrelas 4 estrelas 3 estrelas 2 estrelas 1 estrela 100% Dos usuários recomendaram este produto Avaliar Produto Produtos Relacionados Batata-branca R$ 1,32 Uma unidade equivale 301g Adicionar R$ 4,39 / kg Cebola-branca R$ 0,89 Uma unidade equivale 3",,15.90,,,,unknown,
Ingresar,"Ingresar Supermercado Despensa Harinas y reposteria Harina de Trigo La Moderna 1kg La Moderna Cargando comentarios… Harina de Trigo La Moderna 1kg Harina de Trigo La Moderna 1kg Referencia : 3256831 Información Harina de trigo extrafina para todo uso en la cocina Las imágenes del producto son únicamente de referencia, el diseños de etiquetas y el contenido (ml, L, Kg, g, piezas, etc) pueden cambiar y/o variar sin previo aviso. Mostrar más Comparte Vendido y entregado por: Chedraui Descripción Especificaciones La harina de trigo La Moderna está elaborada con trigos de buena calidad con la que puedes preparar todo tipo de platillos. Productos relacionados Harina de Trigo Sol de Oro 1kg Sol de Oro $0.00 1 pieza de 1kg Combo Cantidad Máxima Equivale a ≈1 pza 3x2 Harina San Blas de Trigo Integral 1kg San Blas $0.00 1 pieza de 1kg Combo Cantidad Máxima Equivale a ≈1 pza 3x2 Harina de Trigo La Perla 907g La Perla $0.00 907 g Combo Cantidad Máxima Equivale a ≈1 pza 3x2 Harina de Trigo Campo Vivo Blanca Orgánica 800g Campo Vivo $0.00 800 g Combo Cantidad Máxima Equivale a ≈1 pza 3x2 Harina Trigo Espuma De Chapala Intregal 1Kg Espuma de Chapala $0.00 1 kg Combo Cantidad Máxima Equivale a ≈1 pza 3x2 Harina Integral Tres Estrellas 1kg Tres Estrellas $0.00 1 pieza de 1kg Combo Cantidad Máxima Equivale a ≈1 pza 3x2 Harina Aires de Campo de Trigo Orgánica 700g Aires de Campo $0.00 700 g Combo Cantidad Máxima Equivale a ≈1 pza 3x2 Harina de Trigo Diluvio 1kg El Diluvio $0.00 1kg Combo Cantidad Máxima Equivale a ≈1 pza 3x2 Harina Selecta Tortilla De Trigo 1Kg Selecta $0.00 1 pieza de 1Kg Combo Cantidad Máxima Equivale a ≈1 pza 3x2 Harina Granvita De Avena 1kg Granvita $0.00 1 pieza de 1kg Combo Cantidad Máxima Equivale a ≈1 pza 3x2 Harina De Maí­z Maseca Amarillo 1Kg Maseca $0.00 1kg Combo Cantidad Máxima Equivale a ≈1 pza 3x2 Galleta Cuétara Rey Vainilla 300 g Cuétara $0.00 Combo Cantidad Máxima Equivale a ≈1 pza 3x2 Harina Aires de Campo de Trigo Integral Orgánica 700g Aires de Ca",,000,,,,unknown,
Loja Online,"Loja Online Institucional Encontre o Clique&Retire Como Funciona o Delivery Atendimento hipermercado bourbon assis brasil CORREDORES Pesquise produtos ou marcas Minhas Listas Favoritos Entrar Ir para o Checkout Carnes Carne de Aves Peito de Frango Resfriado sem Pele Ave Serra 900g Peito de Frango Resfriado sem Pele Ave Serra 900g Seja o primeiro a avaliar. R$ 21,80 R$ 24,22 / kg Adicionar Em até 1 x de R$ 21,80 sem juros Ver opções de pagamento Compre com o seu cartão Zaffari ou Bourbon e acumule pontos Ver mais produtos Ave Serra Referência : 1084453 Detalhes do Produto Descrição do produto Peito de Frango Resfriado Sem Pele, da marca Ave Serra, em embalagem com 900 gramas. O corte, que possui coloração rosada e aparência fresca, é reconhecido por sua maciez, sabor suave e versatilidade, podendo ser utilizado no preparo de inúmeras receitas. Ideal para quem busca uma fonte de proteína magra, ele é perfeito para grelhar, assar, cozinhar ou utilizar como base em pratos sofisticados como strogonoff, saladas e recheios de tortas. Pode servir também como base para lanches, como recheios de sanduíches, pastéis e coxinhas. Além disso, o peito de frango é uma opção leve e nutritiva, indicada para dietas equilibradas. Para melhor conservação, mantenha-o refrigerado entre 0°C e 4°C e, se necessário, congele para uso posterior. Carne de Aves Cortes Tradicionais Avaliações 0 Média entre 0 avaliações 5 estrelas 4 estrelas 3 estrelas 2 estrelas 1 estrela Avaliar Produto Produtos Relacionados Batata-branca R$ 1,32 Uma unidade equivale 301g Adicionar R$ 4,39 / kg Cebola-branca R$ 0,89 Uma unidade equivale 301g Adicionar R$ 2,99 / kg Carne Moída de Patinho Bovino Zaffari 500g R$ 36,80 Adicionar R$ 73,60 / kg Banana Prata de 4 a 6 un - 886g R$ 8,84 Uma unidade equivale 886g Adicionar R$ 9,98 / kg Receba em primeira mão nossas novidades e ofertas Qual sua região? RS SP Cadastrar Ao clicar em cadastrar, você concorda com o envio de nossas novidades e ofertas. Para saber mais, veja nos",,21.80,,,,unknown,
Loja Online,"Loja Online Institucional Encontre o Clique&Retire Como Funciona o Delivery Atendimento hipermercado bourbon assis brasil CORREDORES Pesquise produtos ou marcas Minhas Listas Favoritos Entrar Ir para o Checkout Carnes Carne de Aves Filé de Peito de Frango Congelado IQF Lar 1kg Filé de Peito de Frango Congelado IQF Lar 1kg 5 (1 avaliação) R$ 23,90 R$ 23,90 / kg Indisponível Compre com o seu cartão Zaffari ou Bourbon e acumule pontos Ver mais produtos Lar Referência : 1063081 Detalhes do Produto Descrição do produto Filé de Peito de Frango Congelado IQF, da marca Lar, em embalagem com 1 quilo. É uma carne magra e leve, conhecida por sua versatilidade na culinária e por seus benefícios nutricionais. É um produto prático para quem busca agilidade na cozinha, pois apresenta cada peça de filé de frango congelada individualmente, ajudando a preservar a textura e o sabor do produto, além de permitir que seja retirada apenas a quantidade desejada, sem descongelar o pacote inteiro. A embalagem de 1 quilo é suficiente para o preparo de refeições de várias pessoas ou para o uso em diferentes porções ao longo da semana para um grupo menor. Pode ser usado em uma ampla variedade de receitas, desde grelhados e assados até receitas em molhos, ensopados, sanduíches, tortas salgadas, wraps e saladas. É uma carne de rápido preparo, ideal para refeições do dia a dia, além de ser uma excelente fonte de proteína magra, essencial para uma dieta equilibrada. É baixo em gordura e pode ser incluído em diversas dietas e planos alimentares. Em sua porção de 124 gramas (1/3 de unidade) contém, em média, 125 calorias, 27 gramas de proteínas e 57 miligramas de sódio. Não apresenta quantidades significativas de carboidratos. Avaliações 5 Média entre 1 avaliação 5 estrelas 4 estrelas 3 estrelas 2 estrelas 1 estrela 100% Dos usuários recomendaram este produto Avaliar Produto Produtos Relacionados Cebola-branca R$ 0,89 Uma unidade equivale 301g Adicionar R$ 2,99 / kg Batata-branca R$ 1,32 Uma unidade ",,23.90,,,,unknown,
Loja Online,"Loja Online Institucional Encontre o Clique&Retire Como Funciona o Delivery Atendimento hipermercado bourbon assis brasil CORREDORES Pesquise produtos ou marcas Minhas Listas Favoritos Entrar Ir para o Checkout Carnes Carne de Aves Frango Caipira Inteiro Congelado com Miúdos Do Campo Frango Caipira Inteiro Congelado com Miúdos Do Campo 5 (1 avaliação) R$ 47,79 R$ 23,80 / kg Adicionar Em até 1 x de R$ 47,79 sem juros Ver opções de pagamento Uma unidade equivale 2,008kg O valor da compra pode sofrer diferença no valor final. Saiba como funciona a compra por Kg Compre com o seu cartão Zaffari ou Bourbon e acumule pontos Ver mais produtos Do Campo Referência : 1006345 Detalhes do Produto Descrição do produto Frango Inteiro Caipira Congelado, da marca Do Campo, vendido por peso. Contendo fígado, coração, moela, cabeça, pescoço e pés, é uma excelente opção para quem busca uma carne de frango saborosa. Criado com um cuidado especial, o frango caipira tem um sabor suave e natural, resultado de sua alimentação balanceada e criação livre, o que garante uma carne mais suculenta e com um toque mais intenso em comparação aos frangos convencionais. O produto chega ao consumidor congelado, preservando o seu frescor e a sua textura, garantindo que se mantenha em perfeitas condições até o momento do preparo. Ideal para diversas receitas, pode ser assado, cozido ou grelhado, e sua carne firme e saborosa é perfeita para refeições em família ou ocasiões especiais. É perfeito para ser servido com arroz, farofa, purê de batata e legumes assados, sendo uma excelente escolha para quem busca uma alimentação mais natural. Seja em um frango assado no forno, em caldos ou cozidos, ele proporciona um sabor inconfundível e genuíno, que agrada diferentes paladares. Para conservação do produto, deve ser mantido no congelador. Carne Branca Carne de Aves Avaliações 5 Média entre 1 avaliação 5 estrelas 4 estrelas 3 estrelas 2 estrelas 1 estrela 100% Dos usuários recomendaram este produto Avaliar Produ",,47.79,,,,unknown,
Loja Online,"Loja Online Institucional Encontre o Clique&Retire Como Funciona o Delivery Atendimento hipermercado bourbon assis brasil CORREDORES Pesquise produtos ou marcas Minhas Listas Favoritos Entrar Ir para o Checkout Mercearia Grãos e Cereais Açúcar Açúcar Refinado União 1kg Açúcar Refinado União 1kg Carregando avaliações... R$ 4,98 R$ 4,98 / kg Em até 1 x de R$ 4,98 sem juros Ver opções de pagamento Compre com o seu cartão Zaffari ou Bourbon e acumule pontos Ver mais produtos União Referência : 1004471 Detalhes do Produto Descrição do produto Açúcar Refinado, da marca União, em embalagem com 1 quilo. É um açúcar branco de qualidade premium, que passa por um processo de refinamento que remove impurezas e cristais não desejados, resultando em grânulos finos e brancos. Ele se dissolve rápido e com facilidade, o que o torna ideal para o preparo de bolos, doces, sobremesas, caldas, sucos e diversas outras receitas. Sua textura fina e uniforme garante melhor resultado no ponto de caldas e massas, além de adoçar bebidas com mais eficiência. Produzido com rigorosos padrões de qualidade, é um produto tradicional e indispensável na cozinha, especialmente nos preparos de confeitaria. A embalagem de 1 quilo é prática, ideal tanto para o uso diário quanto para receitas especiais. Por sua versatilidade, é também amplamente utilizado em confeitarias, padarias e outros estabelecimentos do setor alimentício. Em sua porção de 5 gramas (1 colher de chá), contém 20 kcal e 5 gramas de carboidratos. Não contém quantidade significativa de proteínas e sódio. Para melhor conservação do produto, é indicado que seja mantido em local seco e fresco, longe da incidência de luz direta. ALÉRGICOS: Não contém glúten. Produtos Relacionados Receba em primeira mão nossas novidades e ofertas Qual sua região? RS SP Cadastrar Ao clicar em cadastrar, você concorda com o envio de nossas novidades e ofertas. Para saber mais, veja nossa política de privacidade aqui . Nossas Lojas Encontre a sua Como Comprar? Tire",,4.98,,,,unknown,
Loja Online,"Loja Online Institucional Encontre o Clique&Retire Como Funciona o Delivery Atendimento hipermercado bourbon assis brasil CORREDORES Pesquise produtos ou marcas Minhas Listas Favoritos Entrar Ir para o Checkout Mercearia Grãos e Cereais Açúcar Açúcar Refinado Caravelas 1kg Açúcar Refinado Caravelas 1kg 5 (3 avaliações) R$ 4,39 R$ 4,39 / kg Adicionar Em até 1 x de R$ 4,39 sem juros Ver opções de pagamento Compre com o seu cartão Zaffari ou Bourbon e acumule pontos Ver mais produtos Caravelas Referência : 1014575 Detalhes do Produto Descrição do produto Açúcar Refinado, da marca Caravelas, em embalagem com 1 quilo. Este açúcar é conhecido pela sua textura fina e solubilidade rápida, tornando-se ideal para adoçar uma variedade de bebidas, como cafés, chás e sucos, proporcionando um sabor doce e equilibrado. Além de seu uso cotidiano, o açúcar refinado é um ingrediente fundamental em receitas de confeitaria, sendo indispensável para a preparação de bolos, doces e sobremesas diversas. É a base para criar receitas clássicas como glacês, merengues e pastas de açúcar, conferindo a textura e doçura necessárias para realçar os sabores. Com sua versatilidade, ele pode ser utilizado em marinadas, molhos e até mesmo em pratos salgados, trazendo um toque de doçura que realça os sabores. É ideal para quem busca praticidade, garantindo sempre um ingrediente de qualidade à mão para as criações culinárias. Sua porção de 5 gramas (1 colher de chá) possui valor energético de 20 kcal e 5 gramas de carboidratos. O produto deve ser mantido em recipiente com tampa, garantindo a qualidade do açúcar. Avaliações 5 Média entre 3 avaliações 5 estrelas 4 estrelas 3 estrelas 2 estrelas 1 estrela 100% Dos usuários recomendaram este produto Avaliar Produto Produtos Relacionados Cebola-branca R$ 0,89 Uma unidade equivale 301g Adicionar R$ 2,99 / kg Batata-branca R$ 1,32 Uma unidade equivale 301g Adicionar R$ 4,39 / kg Banana Prata de 4 a 6 un - 886g R$ 8,84 Uma unidade equivale 886g Adicionar R$ 9,9",,4.39,,,,unknown,
Loja Online,"Loja Online Institucional Encontre o Clique&Retire Como Funciona o Delivery Atendimento hipermercado bourbon assis brasil CORREDORES Pesquise produtos ou marcas Minhas Listas Favoritos Entrar Ir para o Checkout Mercearia Grãos e Cereais Açúcar Açúcar Cristal Colombo 1kg Açúcar Cristal Colombo 1kg 5 (1 avaliação) R$ 3,99 R$ 3,99 / kg Adicionar Em até 1 x de R$ 3,99 sem juros Ver opções de pagamento Compre com o seu cartão Zaffari ou Bourbon e acumule pontos Ver mais produtos Colombo Referência : 1069373 Detalhes do Produto Descrição do produto Açúcar Cristal, da marca Colombo, em embalagem com 1 quilo. Com grãos cristalizados e de fácil dissolução, ele é perfeito para utilizar em sobremesas, como bolos, tortas e doces em calda, além de ser a escolha certa para preparar caldas de frutas e conservas. Sua textura cristalina o torna ideal também para a decoração de doces e confeitos, adicionando brilho e crocância. Na culinária, pode ser utilizado para caramelizar frutas, adoçar iogurtes naturais, e até no preparo de molhos agridoces. Para manter a qualidade do açúcar, armazene-o em local seco, fresco e protegido da luz solar. Após aberto, mantenha o pacote bem fechado ou transfira o açúcar para um recipiente hermético, evitando a umidade e a formação de grumos. Avaliações 5 Média entre 1 avaliação 5 estrelas 4 estrelas 3 estrelas 2 estrelas 1 estrela 100% Dos usuários recomendaram este produto Avaliar Produto Produtos Relacionados Batata-branca R$ 1,32 Uma unidade equivale 301g Adicionar R$ 4,39 / kg Banana Prata de 4 a 6 un - 886g R$ 8,84 Uma unidade equivale 886g Adicionar R$ 9,98 / kg Pão de Forma de Leite Zaffari 450g R$ 6,28 Adicionar R$ 13,96 / kg Cebola-branca R$ 0,89 Uma unidade equivale 301g Adicionar R$ 2,99 / kg Receba em primeira mão nossas novidades e ofertas Qual sua região? RS SP Cadastrar Ao clicar em cadastrar, você concorda com o envio de nossas novidades e ofertas. Para saber mais, veja nossa política de privacidade aqui . Nossas Lojas Encontre a sua ",,3.99,,,,unknown,
Loja Online,"Loja Online Institucional Encontre o Clique&Retire Como Funciona o Delivery Atendimento CORREDORES Minhas Listas Favoritos Entrar Ir para o Checkout Mercearia Grãos e Cereais Açúcar Açúcar Demerara Orgânico Native 1kg Açúcar Demerara Orgânico Native 1kg Carregando avaliações... R$ 10,98 R$ 10,98 / kg Em até 1 x de R$ 10,98 sem juros Ver opções de pagamento Compre com o seu cartão Zaffari ou Bourbon e acumule pontos Ver mais produtos Native Referência : 1025116 Carregando... Detalhes do Produto Descrição do produto Açúcar Demerara Orgânico, da marca Native, em embalagem com 1 quilo. É a escolha ideal para quem busca um adoçante natural e saudável. Produzido a partir de cana-de-açúcar cultivada de forma orgânica, sem o uso de agrotóxicos ou fertilizantes químicos, ele passa por um processo de controle biológico de pragas e é colhido verde. Seu sabor levemente frutado, proveniente do mel natural da cana, preserva notas adocicadas e nuances ricas, tornando-o perfeito para adoçar bebidas, preparar sobremesas e incrementar receitas culinárias. Além de ser uma opção mais nutritiva em comparação ao açúcar refinado, mantém parte dos minerais da cana, como cálcio, magnésio e potássio, essenciais para o equilíbrio do organismo. Ideal para o dia a dia, alia qualidade superior, sustentabilidade e sabor incomparável, promovendo uma alimentação consciente e saborosa. Sua porção com 5 gramas contém valor energético de 20 kcal e 5 gramas de carboidratos. Recomenda-se manter o produto em local seco e fresco, longe de fontes de calor e umidade. Produtos Relacionados Receba em primeira mão nossas novidades e ofertas Qual sua região? RS SP Cadastrar Ao clicar em cadastrar, você concorda com o envio de nossas novidades e ofertas. Para saber mais, veja nossa política de privacidade aqui . Nossas Lojas Encontre a sua Como Comprar? Tire aqui suas dúvidas Formas de Pagamento Para compras no site Zaffari Card e Bourbon Card Solicite o seu Sac Redes sociais Preferências de cookies Formas de pa",,10.98,,,,unknown,
Loja Online,"Loja Online Institucional Encontre o Clique&Retire Como Funciona o Delivery Atendimento hipermercado bourbon assis brasil CORREDORES Pesquise produtos ou marcas Minhas Listas Favoritos Entrar Ir para o Checkout Infelizmente, não encontramos o que você procurava. Para continuar sua navegação em nosso site, basta clicar em uma das opções abaixo: VOLTAR PARA A PÁGINA INICIAL VER OFERTAS Receba em primeira mão nossas novidades e ofertas Qual sua região? RS SP Cadastrar Ao clicar em cadastrar, você concorda com o envio de nossas novidades e ofertas. Para saber mais, veja nossa política de privacidade aqui . Nossas Lojas Encontre a sua Como Comprar? Tire aqui suas dúvidas Formas de Pagamento Para compras no site Zaffari Card e Bourbon Card Solicite o seu Sac Redes sociais Preferências de cookies Formas de pagamento loja online Delivery *Somente crédito Clique&Retire *Pagamento em loja Selos de Segurança Baixe o APP Zaffari Loja Online Formas de pagamento lojas físicas Crédito Débito Convênios* *Aceitamos somente convênios de alimentação. © 2025 Grupo Zaffari. Todos os Direitos Reservados. Preços e produtos válidos, exclusivamente, para compras no site, sujeitos à alteração de preço, condições de pagamento e disponibilidade de estoque, sem aviso prévio. Os preços visualizados podem ser diferentes dos praticados nas lojas físicas. As fotos dos produtos são meramente ilustrativas, podendo divergir com o produto real, confirme os detalhes do produto na respectiva descrição. Os produtos estarão sujeitos a disponibilidade de estoque quando o pedido estiver em separação. Todos os pedidos estão sujeitos a confirmação de dados cadastrais e pagamentos. SÃO PROIBIDAS A VENDA E A ENTREGA DE BEBIDAS ALCOÓLICAS A MENORES DE 18 (DEZOITO) ANOS (ART. 81, II DO ESTATUTO DA CRIANÇA E DO ADOLESCENTE). BEBA COM MODERAÇÃO. × Utilizamos cookies para melhorar a sua experiência navegação e analisar o uso do site. × Ok, ciente Definições de Cookies Termos mais buscados 1º café 2º iogurte 3º pão 4º",,,,,,unknown,
Loja Online,"Loja Online Institucional Encontre o Clique&Retire Como Funciona o Delivery Atendimento hipermercado bourbon assis brasil CORREDORES Pesquise produtos ou marcas Minhas Listas Favoritos Entrar Ir para o Checkout Mercearia Grãos e Cereais Feijão Feijão-preto Namorado 1kg Feijão-preto Namorado 1kg 4,7 (3 avaliações) R$ 5,49 R$ 5,49 / kg Adicionar Em até 1 x de R$ 5,49 sem juros Ver opções de pagamento Compre com o seu cartão Zaffari ou Bourbon e acumule pontos Ver mais produtos Namorado Referência : 1029891 Detalhes do Produto Descrição do produto Feijão-preto Tipo 1, da marca Namorado, em embalagem de 1 quilo. É uma excelente escolha para quem busca qualidade, sabor e versatilidade na cozinha do dia a dia. Seus grãos arredondados, já selecionados previamente no processo de produção, garantem uniformidade e facilitam o preparo, oferecendo uma base nutritiva e saborosa para as refeições. Com um sabor característico levemente adocicado e com notas terrosas que se intensificam durante o cozimento, esse feijão se destaca por absorver com facilidade os condimentos e ingredientes adicionados, contribuindo para receitas mais encorpadas e aromáticas. Ainda cru, possui aroma neutro, mas ao ser cozido libera um perfume agradável que remete à comida caseira e desperta o apetite. Ideal tanto para pratos clássicos da culinária brasileira, como a tradicional feijoada e o arroz com feijão do dia a dia, quanto para receitas mais elaboradas, como caldos, sopas, saladas mornas ou acompanhamentos sofisticados. Rico em fibras, proteínas e minerais essenciais, o feijão-preto é um alimento altamente nutritivo, contribuindo para uma alimentação equilibrada e cheia de sabor. Sua coloração intensa e brilho natural também adicionam um toque visual atraente aos pratos, elevando a apresentação das refeições. Recomenda-se manter o produto em local seco e fresco, longe de fontes de calor e umidade. Avaliações 4,7 Média entre 3 avaliações 5 estrelas 4 estrelas 3 estrelas 2 estrelas 1 estrela 100% Do",,5.49,,,,unknown,
Loja Online,"Loja Online Institucional Encontre o Clique&Retire Como Funciona o Delivery Atendimento hipermercado bourbon assis brasil CORREDORES Pesquise produtos ou marcas Minhas Listas Favoritos Entrar Ir para o Checkout Mercearia Grãos e Cereais Feijão Feijão-preto Capellini 500g Feijão-preto Capellini 500g 5 (1 avaliação) R$ 3,02 R$ 6,04 / kg Adicionar Em até 1 x de R$ 3,02 sem juros Ver opções de pagamento Compre com o seu cartão Zaffari ou Bourbon e acumule pontos Ver mais produtos Capellini Referência : 1071552 Detalhes do Produto Descrição do produto Feijão-preto, da marca Capellini vem em embalagem com 500 gramas. Caracterizado por seus grãos arredondados de coloração escura, é um produto exclusivo do Zaffari. Com sabor intenso, após preparado o alimento conta com caldo encorpado. Versátil, pode ser combinado com acompanhamentos variados, de acordo com a preferência. Sua porção de 60 gramas (1/3 de xícara) possui valor energético de 280 kcal, 24 gramas de carboidratos, 14 gramas de proteínas e 14 gramas de fibra alimentar. ALÉRGICOS: Pode conter soja. Avaliações 5 Média entre 1 avaliação 5 estrelas 4 estrelas 3 estrelas 2 estrelas 1 estrela 100% Dos usuários recomendaram este produto Avaliar Produto Produtos Relacionados Cebola-branca R$ 0,89 Uma unidade equivale 301g Adicionar R$ 2,99 / kg Cenoura R$ 0,88 Uma unidade equivale 177g Adicionar R$ 4,99 / kg Batata-branca R$ 1,32 Uma unidade equivale 301g Adicionar R$ 4,39 / kg Mamão Papaia Inteiro R$ 10,19 Uma unidade equivale 684g Adicionar R$ 14,90 / kg Receba em primeira mão nossas novidades e ofertas Qual sua região? RS SP Cadastrar Ao clicar em cadastrar, você concorda com o envio de nossas novidades e ofertas. Para saber mais, veja nossa política de privacidade aqui . Nossas Lojas Encontre a sua Como Comprar? Tire aqui suas dúvidas Formas de Pagamento Para compras no site Zaffari Card e Bourbon Card Solicite o seu Sac Redes sociais Preferências de cookies Formas de pagamento loja online Delivery *Somente crédito Cli",,3.02,,,,unknown,
Ingresar,"Ingresar Supermercado Despensa Harinas y reposteria Harina de Trigo Sol de Oro 1kg Sol de Oro Cargando comentarios… Harina de Trigo Sol de Oro 1kg Harina de Trigo Sol de Oro 1kg Referencia : 3168625 Información Sol de Oro, es una harina de trigo fuerte diseñada a base ingredientes naturales y adicionada con vitaminas y minerales, ideal para preparar gran variedad de platillos y postres. Por su preparación e ingredientes, Sol de Oro es una harina que permite a los hogares y negocios contar con una harina de alto rendimiento que permite obtener mayor cantidad de producto. Las imágenes del producto son únicamente de referencia, el diseños de etiquetas y el contenido (ml, L, Kg, g, piezas, etc) pueden cambiar y/o variar sin previo aviso. Mostrar más Comparte Vendido y entregado por: Chedraui Descripción Especificaciones La harina de trigo Sol de Oro, es la harina ideal para el tu hogar o negocio, ya que al ser una harina multiproposito permite la elaboración de gran variedad de platillos hechos a base de harina de trigo, la harina de trigo sol de oro por sus ingredientes y proceso de elaboración es una gran opción para los hogares que utilizan harina de trigo para la elaboración de sus platillos. Productos relacionados Harina de Trigo La Moderna 1kg La Moderna $0.00 1 kg Combo Cantidad Máxima Equivale a ≈1 pza 3x2 Harina San Blas de Trigo Integral 1kg San Blas $0.00 1 pieza de 1kg Combo Cantidad Máxima Equivale a ≈1 pza 3x2 Harina de Trigo Diluvio 1kg El Diluvio $0.00 1kg Combo Cantidad Máxima Equivale a ≈1 pza 3x2 Harina Integral Tres Estrellas 1kg Tres Estrellas $0.00 1 pieza de 1kg Combo Cantidad Máxima Equivale a ≈1 pza 3x2 Harina Trigo Espuma De Chapala Intregal 1Kg Espuma de Chapala $0.00 1 kg Combo Cantidad Máxima Equivale a ≈1 pza 3x2 Harina de Trigo Campo Vivo Blanca Orgánica 800g Campo Vivo $0.00 800 g Combo Cantidad Máxima Equivale a ≈1 pza 3x2 Harina de Trigo Espuma de Chapala 1Kg Espuma de Chapala $0.00 1 kg Combo Cantidad Máxima Equivale a ≈1 pza 3x2 Harin",,000,,,,unknown,
Loja Online,"Loja Online Institucional Encontre o Clique&Retire Como Funciona o Delivery Atendimento hipermercado bourbon assis brasil CORREDORES Pesquise produtos ou marcas Minhas Listas Favoritos Entrar Ir para o Checkout Mercearia Grãos e Cereais Feijão Feijão-preto Premium Fritz & Frida 1kg Feijão-preto Premium Fritz & Frida 1kg 5 (3 avaliações) R$ 4,89 R$ 4,89 / kg Adicionar Em até 1 x de R$ 4,89 sem juros Ver opções de pagamento Compre com o seu cartão Zaffari ou Bourbon e acumule pontos Ver mais produtos Fritz & Frida Referência : 1075693 Detalhes do Produto Descrição do produto Feijão-preto Premium, da marca Fritz & Frida, em embalagem com 1 quilo. Rico em potássio, vitaminas do complexo B, zinco, ferro e magnésio. Com grãos selecionados, possui baixo teor de sódio. Uma escolha de qualidade para as refeições do dia a dia. Este feijão é cuidadosamente selecionado e preparado para garantir sabor e nutrição. Ideal para o preparo de feijoadas tradicionais, sopas reconfortantes, acompanhamentos nutritivos e saladas saborosas. Versátil e rico em fibras, o feijão preto é uma excelente fonte de proteínas vegetais, sendo essencial para uma dieta equilibrada. Pode ser consumido nas refeições diárias, seja na hora do almoço ou jantar, ou até mesmo em reuniões familiares e entre amigos. Recomenda-se manter o produto em local seco e fresco, longe de fontes de calor e umidade. Avaliações 5 Média entre 3 avaliações 5 estrelas 4 estrelas 3 estrelas 2 estrelas 1 estrela 100% Dos usuários recomendaram este produto Avaliar Produto Produtos Relacionados Cebola-branca R$ 0,89 Uma unidade equivale 301g Adicionar R$ 2,99 / kg Batata-branca R$ 1,32 Uma unidade equivale 301g Adicionar R$ 4,39 / kg Banana Prata Orgânica Naturale 800g R$ 7,99 Adicionar R$ 9,99 / kg Carne Moída de Patinho Bovino Zaffari 500g R$ 36,80 Adicionar R$ 73,60 / kg Receba em primeira mão nossas novidades e ofertas Qual sua região? RS SP Cadastrar Ao clicar em cadastrar, você concorda com o envio de nossas novidades e ofert",,4.89,,,,unknown,
Loja Online,"Loja Online Institucional Encontre o Clique&Retire Como Funciona o Delivery Atendimento CORREDORES Minhas Listas Favoritos Entrar Ir para o Checkout Mercearia Grãos e Cereais Feijão Feijão-preto Butuí 1kg Feijão-preto Butuí 1kg Carregando avaliações... R$ 4,98 R$ 4,98 / kg Em até 1 x de R$ 4,98 sem juros Ver opções de pagamento Compre com o seu cartão Zaffari ou Bourbon e acumule pontos Ver mais produtos Butuí Referência : 1098549 Carregando... Detalhes do Produto Descrição do produto Feijão-preto, da marca Butuí, em embalagem com 1 quilo. É um produto bastante apreciado na culinária brasileira, especialmente em pratos tradicionais como a feijoada ou combinado com arroz. Conhecido por seu sabor marcante e por sua textura cremosa, o feijão-preto é uma excelente fonte de proteínas, fibras, vitaminas e minerais, contribuindo para uma dieta equilibrada. Sua embalagem de 1 quilo é prática, ideal para famílias e para cozinhar em grandes quantidades. Pode ser utilizado em diversas receitas, desde sopas e saladas até acompanhamentos para carnes, farofas e outras guarnições. Além disso, seu preparo é simples, bastando lavá-lo e cozinhá-lo em água, geralmente após um período de hidratação, o que ajuda a reduzir o tempo de cozimento. O Feijão-preto Butuí é uma escolha nutritiva e saborosa para enriquecer as refeições cotidianas e especiais. Para conservação do produto, é recomendado que seja mantido em local seco e fresco, longe da incidência de luz solar direta. Produtos Relacionados Receba em primeira mão nossas novidades e ofertas Qual sua região? RS SP Cadastrar Ao clicar em cadastrar, você concorda com o envio de nossas novidades e ofertas. Para saber mais, veja nossa política de privacidade aqui . Nossas Lojas Encontre a sua Como Comprar? Tire aqui suas dúvidas Formas de Pagamento Para compras no site Zaffari Card e Bourbon Card Solicite o seu Sac Redes sociais Preferências de cookies Formas de pagamento loja online Delivery *Somente crédito Clique&Retire *Pagamento em l",,4.98,,,,unknown,
Loja Online,"Loja Online Institucional Encontre o Clique&Retire Como Funciona o Delivery Atendimento hipermercado bourbon assis brasil CORREDORES Pesquise produtos ou marcas Minhas Listas Favoritos Entrar Ir para o Checkout Mercearia Grãos e Cereais Feijão Feijão-preto Pronto sem Tempero Camil 490g Feijão-preto Pronto sem Tempero Camil 490g 5 (1 avaliação) R$ 11,98 R$ 24,45 / kg Adicionar Em até 1 x de R$ 11,98 sem juros Ver opções de pagamento Compre com o seu cartão Zaffari ou Bourbon e acumule pontos Ver mais produtos Camil Referência : 1064160 Detalhes do Produto Descrição do produto Feijão Preto Pronto sem Tempero, da marca Camil, vem em embalagem com 490 gramas. Avaliações 5 Média entre 1 avaliação 5 estrelas 4 estrelas 3 estrelas 2 estrelas 1 estrela 100% Dos usuários recomendaram este produto Avaliar Produto Produtos Relacionados Carne Moída de Patinho Bovino Zaffari 500g R$ 36,80 Adicionar R$ 73,60 / kg Cebola-branca R$ 0,89 Uma unidade equivale 301g Adicionar R$ 2,99 / kg Feijão-carioca Pronto sem Tempero Camil 490g R$ 11,98 Adicionar R$ 24,45 / kg Conjunto com 2 Toalhas de Papel em Rolo Folha Dupla Linea Utilo 22x19,5cm 50 folhas R$ 6,39 Adicionar R$ 0,06 / un Receba em primeira mão nossas novidades e ofertas Qual sua região? RS SP Cadastrar Ao clicar em cadastrar, você concorda com o envio de nossas novidades e ofertas. Para saber mais, veja nossa política de privacidade aqui . Nossas Lojas Encontre a sua Como Comprar? Tire aqui suas dúvidas Formas de Pagamento Para compras no site Zaffari Card e Bourbon Card Solicite o seu Sac Redes sociais Preferências de cookies Formas de pagamento loja online Delivery *Somente crédito Clique&Retire *Pagamento em loja Selos de Segurança Baixe o APP Zaffari Loja Online Formas de pagamento lojas físicas Crédito Débito Convênios* *Aceitamos somente convênios de alimentação. © 2025 Grupo Zaffari. Todos os Direitos Reservados. Preços e produtos válidos, exclusivamente, para compras no site, sujeitos à alteração de preço, condições de p",,11.98,,,,unknown,
Especiais,"Especiais Ofertas Meu Desconto Minha Lista Qualitá Rótulos Clube Extra Cartões Extra Feira Extra Hora do Churras Folheteria Digital Eletro Categorias Alimentos Bebidas Limpeza Descartáveis Bebê e Criança Perfumaria PetShop Bazar Caras do Brasil Categorias Categorias Categorias Para aumentar ou reduzir a fonte, utilize os atalhos nativos do seu navegador: No windows CTRL + (para aumentar) e CTRL - (para diminuir) No macOS CMD + (para aumentar) e CMD - (para diminuir) Seguros Extra Cartões Extra Nossas Lojas Como Comprar 0 Digite o que você quer encontrar BUSCAR Entrar 0 Ver todas categorias 💳 Ofertas Cartão Extra 📲 Clube Extra 📝 Minha Lista 🤩 Meus Favoritos ⭐ Ofertas do dia Home Alimentos Básico da Despensa Grãos e Cereais Arroz Arroz Branco Tipo 1 Qualitá Pacote 5kg Cód.: 6009199 R$ 15,99 R$ 19,99 -20% Comprar +10% de desconto pagando com o Cartão Extra Faça sua primeira compra online com cupom NOVA20 Para compras acima de R$149,00 Copiar Cupom Calcular o frete e prazo: OK Arroz Branco Tipo 1 Qualitá Pacote 5kg R$ 15,99 Comprar Veja também R$ 25,99 -16% R$ 30,99 Arroz Polido Tipo 1 PILECCO NOBRE Pacote 5Kg R$ 23,99 Arroz Carnaroli Tipo 1 Pilecco Nobre Caixa 1kg R$ 14,79 Arroz Preto CAMIL Gourmet Caixa 250g R$ 15,99 -8% R$ 17,49 Arroz Branco Tipo 1 Pra Valer Pacote 5kg R$ 6,29 Arroz Parboilizado Tipo 1 Integral Taeq Pacote 1kg R$ 14,49 Arroz Oriental Tipo 1 Qualitá Pacote 1kg R$ 16,99 Arroz Integral Tipo 1 Orgânico TIO JOÃO à Vácuo 1kg R$ 10,99 Risoto com Funghi Cozinha Fácil TIO JOÃO Pacote 250g R$ 9,19 Arroz Parboilizado Tipo 1 Integral Taeq Pacote 1kg 8 Unidades R$ 10,99 Risoto com Brócolis Cozinha Fácil TIO JOÃO Pacote 250g R$ 23,99 -17% R$ 28,99 Arroz Agulhinha Tipo 1 Longo Fino CAMIL Reserva Especial Pacote 5kg R$ 14,99 Arroz Cozinha e Sabor Carreteiro TIO JOÃO Pacote 175g R$ 6,29 Arroz Polido Tipo 1 Pilecco Nobre Pacote 1kg R$ 18,99 -20% R$ 23,99 Arroz Agulhinha Tipo 2 CAMIL Pacote 5kg R$ 17,49 Arroz Integral 7 Grãos com Quinoa TIO JOÃO Pacote 500g R$ 25,99 -1",,15.99,,,,unknown,
Especiais,"Especiais Ofertas Meu Desconto Minha Lista Qualitá Rótulos Clube Extra Cartões Extra Feira Extra Hora do Churras Folheteria Digital Eletro Categorias Alimentos Bebidas Limpeza Descartáveis Bebê e Criança Perfumaria PetShop Bazar Caras do Brasil Categorias Categorias Categorias Para aumentar ou reduzir a fonte, utilize os atalhos nativos do seu navegador: No windows CTRL + (para aumentar) e CTRL - (para diminuir) No macOS CMD + (para aumentar) e CMD - (para diminuir) Seguros Extra Cartões Extra Nossas Lojas Como Comprar 0 Digite o que você quer encontrar BUSCAR Entrar 0 Ver todas categorias 💳 Ofertas Cartão Extra 📲 Clube Extra 📝 Minha Lista 🤩 Meus Favoritos ⭐ Ofertas do dia Home Alimentos Básico da Despensa Grãos e Cereais Arroz Arroz Agulhinha Tipo 1 CAMIL Pacote 1kg Cód.: 0300438 R$ 5,09 Preço por 1kg - R$ 5,09 Comprar Faça sua primeira compra online com cupom NOVA20 Para compras acima de R$149,00 Copiar Cupom Calcular o frete e prazo: OK Arroz Agulhinha Tipo 1 CAMIL Pacote 1kg R$ 5,09 Comprar Veja também R$ 25,99 -16% R$ 30,99 Arroz Polido Tipo 1 PILECCO NOBRE Pacote 5Kg R$ 23,99 Arroz Carnaroli Tipo 1 Pilecco Nobre Caixa 1kg R$ 14,79 Arroz Preto CAMIL Gourmet Caixa 250g R$ 15,99 -8% R$ 17,49 Arroz Branco Tipo 1 Pra Valer Pacote 5kg R$ 6,29 Arroz Parboilizado Tipo 1 Integral Taeq Pacote 1kg R$ 14,49 Arroz Oriental Tipo 1 Qualitá Pacote 1kg R$ 16,99 Arroz Integral Tipo 1 Orgânico TIO JOÃO à Vácuo 1kg R$ 10,99 Risoto com Funghi Cozinha Fácil TIO JOÃO Pacote 250g R$ 9,19 Arroz Parboilizado Tipo 1 Integral Taeq Pacote 1kg 8 Unidades R$ 10,99 Risoto com Brócolis Cozinha Fácil TIO JOÃO Pacote 250g R$ 23,99 -17% R$ 28,99 Arroz Agulhinha Tipo 1 Longo Fino CAMIL Reserva Especial Pacote 5kg R$ 14,99 Arroz Cozinha e Sabor Carreteiro TIO JOÃO Pacote 175g R$ 6,29 Arroz Polido Tipo 1 Pilecco Nobre Pacote 1kg R$ 18,99 -20% R$ 23,99 Arroz Agulhinha Tipo 2 CAMIL Pacote 5kg R$ 17,49 Arroz Integral 7 Grãos com Quinoa TIO JOÃO Pacote 500g R$ 25,99 -16% R$ 30,99 Arroz Polido Tipo 1 PI",,5.09,,,,unknown,
Especiais,"Especiais Ofertas Meu Desconto Minha Lista Qualitá Rótulos Clube Extra Cartões Extra Feira Extra Hora do Churras Folheteria Digital Eletro Categorias Alimentos Bebidas Limpeza Descartáveis Bebê e Criança Perfumaria PetShop Bazar Caras do Brasil Categorias Categorias Categorias Para aumentar ou reduzir a fonte, utilize os atalhos nativos do seu navegador: No windows CTRL + (para aumentar) e CTRL - (para diminuir) No macOS CMD + (para aumentar) e CMD - (para diminuir) Seguros Extra Cartões Extra Nossas Lojas Como Comprar 0 Digite o que você quer encontrar BUSCAR Entrar 0 Ver todas categorias 💳 Ofertas Cartão Extra 📲 Clube Extra 📝 Minha Lista 🤩 Meus Favoritos ⭐ Ofertas do dia Home Alimentos Básico da Despensa Grãos e Cereais Arroz Arroz Agulhinha Tipo 1 TIO JOÃO Pacote 1kg Cód.: 0154093 R$ 7,29 Preço por 1kg - R$ 7,29 Comprar Faça sua primeira compra online com cupom NOVA20 Para compras acima de R$149,00 Copiar Cupom Calcular o frete e prazo: OK Arroz Agulhinha Tipo 1 TIO JOÃO Pacote 1kg R$ 7,29 Comprar Veja também R$ 25,99 -16% R$ 30,99 Arroz Polido Tipo 1 PILECCO NOBRE Pacote 5Kg R$ 23,99 Arroz Carnaroli Tipo 1 Pilecco Nobre Caixa 1kg R$ 14,79 Arroz Preto CAMIL Gourmet Caixa 250g R$ 15,99 -8% R$ 17,49 Arroz Branco Tipo 1 Pra Valer Pacote 5kg R$ 6,29 Arroz Parboilizado Tipo 1 Integral Taeq Pacote 1kg R$ 14,49 Arroz Oriental Tipo 1 Qualitá Pacote 1kg R$ 16,99 Arroz Integral Tipo 1 Orgânico TIO JOÃO à Vácuo 1kg R$ 10,99 Risoto com Funghi Cozinha Fácil TIO JOÃO Pacote 250g R$ 9,19 Arroz Parboilizado Tipo 1 Integral Taeq Pacote 1kg 8 Unidades R$ 10,99 Risoto com Brócolis Cozinha Fácil TIO JOÃO Pacote 250g R$ 23,99 -17% R$ 28,99 Arroz Agulhinha Tipo 1 Longo Fino CAMIL Reserva Especial Pacote 5kg R$ 14,99 Arroz Cozinha e Sabor Carreteiro TIO JOÃO Pacote 175g R$ 6,29 Arroz Polido Tipo 1 Pilecco Nobre Pacote 1kg R$ 18,99 -20% R$ 23,99 Arroz Agulhinha Tipo 2 CAMIL Pacote 5kg R$ 17,49 Arroz Integral 7 Grãos com Quinoa TIO JOÃO Pacote 500g R$ 25,99 -16% R$ 30,99 Arroz Polido Tip",,7.29,,,,unknown,
Especiais,"Especiais Ofertas Meu Desconto Minha Lista Qualitá Rótulos Clube Extra Cartões Extra Feira Extra Hora do Churras Folheteria Digital Eletro Categorias Alimentos Bebidas Limpeza Descartáveis Bebê e Criança Perfumaria PetShop Bazar Caras do Brasil Categorias Categorias Categorias Para aumentar ou reduzir a fonte, utilize os atalhos nativos do seu navegador: No windows CTRL + (para aumentar) e CTRL - (para diminuir) No macOS CMD + (para aumentar) e CMD - (para diminuir) Seguros Extra Cartões Extra Nossas Lojas Como Comprar 0 Digite o que você quer encontrar BUSCAR Entrar 0 Ver todas categorias 💳 Ofertas Cartão Extra 📲 Clube Extra 📝 Minha Lista 🤩 Meus Favoritos ⭐ Ofertas do dia Home Alimentos Básico da Despensa Grãos e Cereais Arroz Arroz Branco Tipo 1 Solito Pacote 5kg Cód.: 0151511 R$ 17,99 R$ 20,49 -12% Comprar Faça sua primeira compra online com cupom NOVA20 Para compras acima de R$149,00 Copiar Cupom Calcular o frete e prazo: OK Arroz Branco Tipo 1 Solito Pacote 5kg R$ 17,99 Comprar Veja também R$ 25,99 -16% R$ 30,99 Arroz Polido Tipo 1 PILECCO NOBRE Pacote 5Kg R$ 23,99 Arroz Carnaroli Tipo 1 Pilecco Nobre Caixa 1kg R$ 14,79 Arroz Preto CAMIL Gourmet Caixa 250g R$ 15,99 -8% R$ 17,49 Arroz Branco Tipo 1 Pra Valer Pacote 5kg R$ 6,29 Arroz Parboilizado Tipo 1 Integral Taeq Pacote 1kg R$ 14,49 Arroz Oriental Tipo 1 Qualitá Pacote 1kg R$ 16,99 Arroz Integral Tipo 1 Orgânico TIO JOÃO à Vácuo 1kg R$ 10,99 Risoto com Funghi Cozinha Fácil TIO JOÃO Pacote 250g R$ 9,19 Arroz Parboilizado Tipo 1 Integral Taeq Pacote 1kg 8 Unidades R$ 10,99 Risoto com Brócolis Cozinha Fácil TIO JOÃO Pacote 250g R$ 23,99 -17% R$ 28,99 Arroz Agulhinha Tipo 1 Longo Fino CAMIL Reserva Especial Pacote 5kg R$ 14,99 Arroz Cozinha e Sabor Carreteiro TIO JOÃO Pacote 175g R$ 6,29 Arroz Polido Tipo 1 Pilecco Nobre Pacote 1kg R$ 18,99 -20% R$ 23,99 Arroz Agulhinha Tipo 2 CAMIL Pacote 5kg R$ 17,49 Arroz Integral 7 Grãos com Quinoa TIO JOÃO Pacote 500g R$ 25,99 -16% R$ 30,99 Arroz Polido Tipo 1 PILECCO NOBRE ",,17.99,,,,unknown,
Especiais,"Especiais Ofertas Meu Desconto Minha Lista Qualitá Rótulos Clube Extra Cartões Extra Feira Extra Hora do Churras Folheteria Digital Eletro Categorias Alimentos Bebidas Limpeza Descartáveis Bebê e Criança Perfumaria PetShop Bazar Caras do Brasil Categorias Categorias Categorias Para aumentar ou reduzir a fonte, utilize os atalhos nativos do seu navegador: No windows CTRL + (para aumentar) e CTRL - (para diminuir) No macOS CMD + (para aumentar) e CMD - (para diminuir) Seguros Extra Cartões Extra Nossas Lojas Como Comprar 0 Digite o que você quer encontrar BUSCAR Entrar 0 Ver todas categorias 💳 Ofertas Cartão Extra 📲 Clube Extra 📝 Minha Lista 🤩 Meus Favoritos ⭐ Ofertas do dia Home Alimentos Básico da Despensa Grãos e Cereais Arroz Arroz Agulhinha Tipo 1 Prato Fino Pacote 5kg Cód.: 1040487 R$ 28,99 R$ 30,49 -4% Comprar Faça sua primeira compra online com cupom NOVA20 Para compras acima de R$149,00 Copiar Cupom Calcular o frete e prazo: OK Arroz Agulhinha Tipo 1 Prato Fino Pacote 5kg R$ 28,99 Comprar Veja também R$ 25,99 -16% R$ 30,99 Arroz Polido Tipo 1 PILECCO NOBRE Pacote 5Kg R$ 23,99 Arroz Carnaroli Tipo 1 Pilecco Nobre Caixa 1kg R$ 14,79 Arroz Preto CAMIL Gourmet Caixa 250g R$ 15,99 -8% R$ 17,49 Arroz Branco Tipo 1 Pra Valer Pacote 5kg R$ 6,29 Arroz Parboilizado Tipo 1 Integral Taeq Pacote 1kg R$ 14,49 Arroz Oriental Tipo 1 Qualitá Pacote 1kg R$ 16,99 Arroz Integral Tipo 1 Orgânico TIO JOÃO à Vácuo 1kg R$ 10,99 Risoto com Funghi Cozinha Fácil TIO JOÃO Pacote 250g R$ 9,19 Arroz Parboilizado Tipo 1 Integral Taeq Pacote 1kg 8 Unidades R$ 10,99 Risoto com Brócolis Cozinha Fácil TIO JOÃO Pacote 250g R$ 23,99 -17% R$ 28,99 Arroz Agulhinha Tipo 1 Longo Fino CAMIL Reserva Especial Pacote 5kg R$ 14,99 Arroz Cozinha e Sabor Carreteiro TIO JOÃO Pacote 175g R$ 6,29 Arroz Polido Tipo 1 Pilecco Nobre Pacote 1kg R$ 18,99 -20% R$ 23,99 Arroz Agulhinha Tipo 2 CAMIL Pacote 5kg R$ 17,49 Arroz Integral 7 Grãos com Quinoa TIO JOÃO Pacote 500g R$ 25,99 -16% R$ 30,99 Arroz Polido Tipo 1 P",,28.99,,,,unknown,
Especiais,"Especiais Ofertas Meu Desconto Minha Lista Qualitá Rótulos Clube Extra Cartões Extra Feira Extra Hora do Churras Folheteria Digital Eletro Categorias Alimentos Bebidas Limpeza Descartáveis Bebê e Criança Perfumaria PetShop Bazar Caras do Brasil Categorias Categorias Categorias Para aumentar ou reduzir a fonte, utilize os atalhos nativos do seu navegador: No windows CTRL + (para aumentar) e CTRL - (para diminuir) No macOS CMD + (para aumentar) e CMD - (para diminuir) Seguros Extra Cartões Extra Nossas Lojas Como Comprar 0 Digite o que você quer encontrar BUSCAR Entrar 0 Ver todas categorias 💳 Ofertas Cartão Extra 📲 Clube Extra 📝 Minha Lista 🤩 Meus Favoritos ⭐ Ofertas do dia Home Alimentos Básico da Despensa Cafés Café Torrado e Moído +4 Café Torrado e Moído Tradicional 3 Corações Pacote 500g Cód.: 0590655 R$ 31,99 R$ 32,99 -3% Comprar Faça sua primeira compra online com cupom NOVA20 Para compras acima de R$149,00 Copiar Cupom Calcular o frete e prazo: OK Café Torrado e Moído Tradicional 3 Corações Pacote 500g R$ 31,99 Comprar Veja também R$ 41,49 Café Torrado e Moído Extraforte Melitta Caixa 500g R$ 17,49 CaféTorrado e Moído Tradicional Qualitá Pacote 250g R$ 32,49 Café União Torrado e Moído Gourmet Mogiana Paulista 250g R$ 32,49 Café União Gourmet Sul De Minas 250g R$ 37,99 Café Torrado e Moído Tradicional União Pacote 500g R$ 37,99 Café Torrado e Moído Extraforte Pilão Pacote 500g R$ 34,99 Café Torrado e Moído Tradicional Café Brasileiro Pacote 500g R$ 37,99 Café Torrado e Moído a Vácuo Pilão 252 Graus Pacote 500g R$ 41,99 Café Torrado e Moído Chocolate com Menta Baggio Pacote 250g R$ 28,49 Café Torrado e Moído Tradicional Café Pelé Pacote 500g R$ 17,49 Café Torrado e Moído a Vácuo Tradicional Qualitá Pacote 250g R$ 22,29 Drip Coffee - Qualitá Premium 100g R$ 37,99 Café Torrado e Moído Pilão 252 Graus Pouch 500g R$ 34,99 Café Torrado e Moído a Vácuo Extraforte Caboclo Pacote 500g R$ 35,99 Café Torrado e Moído Equilibrado Lor Torras Gourmet Sachê 250g R$ 41,49 Café ",,31.99,,,,unknown,
Especiais,"Especiais Ofertas Meu Desconto Minha Lista Qualitá Rótulos Clube Extra Cartões Extra Feira Extra Hora do Churras Folheteria Digital Eletro Categorias Alimentos Bebidas Limpeza Descartáveis Bebê e Criança Perfumaria PetShop Bazar Caras do Brasil Categorias Categorias Categorias Para aumentar ou reduzir a fonte, utilize os atalhos nativos do seu navegador: No windows CTRL + (para aumentar) e CTRL - (para diminuir) No macOS CMD + (para aumentar) e CMD - (para diminuir) Seguros Extra Cartões Extra Nossas Lojas Como Comprar 0 Digite o que você quer encontrar BUSCAR Entrar 0 Ver todas categorias 💳 Ofertas Cartão Extra 📲 Clube Extra 📝 Minha Lista 🤩 Meus Favoritos ⭐ Ofertas do dia Home Alimentos Básico da Despensa Cafés Café Torrado e Moído Café Torrado e Moído a Vácuo Tradicional Pilão Pacote 500g Cód.: 1914795 R$ 37,99 Preço por 1kg - R$ 75,98 Comprar Faça sua primeira compra online com cupom NOVA20 Para compras acima de R$149,00 Copiar Cupom Calcular o frete e prazo: OK Café Torrado e Moído a Vácuo Tradicional Pilão Pacote 500g R$ 37,99 Comprar Veja também R$ 41,49 Café Torrado e Moído Extraforte Melitta Caixa 500g R$ 17,49 CaféTorrado e Moído Tradicional Qualitá Pacote 250g R$ 32,49 Café União Torrado e Moído Gourmet Mogiana Paulista 250g R$ 32,49 Café União Gourmet Sul De Minas 250g R$ 37,99 Café Torrado e Moído Tradicional União Pacote 500g R$ 37,99 Café Torrado e Moído Extraforte Pilão Pacote 500g R$ 34,99 Café Torrado e Moído Tradicional Café Brasileiro Pacote 500g R$ 37,99 Café Torrado e Moído a Vácuo Pilão 252 Graus Pacote 500g R$ 41,99 Café Torrado e Moído Chocolate com Menta Baggio Pacote 250g R$ 28,49 Café Torrado e Moído Tradicional Café Pelé Pacote 500g R$ 17,49 Café Torrado e Moído a Vácuo Tradicional Qualitá Pacote 250g R$ 22,29 Drip Coffee - Qualitá Premium 100g R$ 37,99 Café Torrado e Moído Pilão 252 Graus Pouch 500g R$ 34,99 Café Torrado e Moído a Vácuo Extraforte Caboclo Pacote 500g R$ 35,99 Café Torrado e Moído Equilibrado Lor Torras Gourmet Sachê 250g",,37.99,,,,unknown,
No se puede acceder a este sitio,No se puede acceder a este sitio Es posible que la página web en https://www.chedraui.com.mx/papa-blanca-por-kg-3102855/p no funcione temporalmente o se haya trasladado de manera permanente a una nueva dirección web. ERR_FAILED Es posible que la página web en https://www.chedraui.com.mx/papa-blanca-por-kg-3102855/p no funcione temporalmente o se haya trasladado de manera permanente a una nueva dirección web.,,,,,,unknown,
Especiais,"Especiais Ofertas Meu Desconto Minha Lista Qualitá Rótulos Clube Extra Cartões Extra Feira Extra Hora do Churras Folheteria Digital Eletro Categorias Alimentos Bebidas Limpeza Descartáveis Bebê e Criança Perfumaria PetShop Bazar Caras do Brasil Categorias Categorias Categorias Para aumentar ou reduzir a fonte, utilize os atalhos nativos do seu navegador: No windows CTRL + (para aumentar) e CTRL - (para diminuir) No macOS CMD + (para aumentar) e CMD - (para diminuir) Seguros Extra Cartões Extra Nossas Lojas Como Comprar 0 Digite o que você quer encontrar BUSCAR Entrar 0 Ver todas categorias 💳 Ofertas Cartão Extra 📲 Clube Extra 📝 Minha Lista 🤩 Meus Favoritos ⭐ Ofertas do dia Home Alimentos Básico da Despensa Cafés Café Torrado e Moído Café Torrado e Moído a Vácuo Extraforte Caboclo Pacote 500g Cód.: 1045900 R$ 34,99 Preço por 1kg - R$ 69,98 Comprar Faça sua primeira compra online com cupom NOVA20 Para compras acima de R$149,00 Copiar Cupom Calcular o frete e prazo: OK Café Torrado e Moído a Vácuo Extraforte Caboclo Pacote 500g R$ 34,99 Comprar Veja também R$ 41,49 Café Torrado e Moído Extraforte Melitta Caixa 500g R$ 17,49 CaféTorrado e Moído Tradicional Qualitá Pacote 250g R$ 32,49 Café União Torrado e Moído Gourmet Mogiana Paulista 250g R$ 32,49 Café União Gourmet Sul De Minas 250g R$ 37,99 Café Torrado e Moído Tradicional União Pacote 500g R$ 37,99 Café Torrado e Moído Extraforte Pilão Pacote 500g R$ 34,99 Café Torrado e Moído Tradicional Café Brasileiro Pacote 500g R$ 37,99 Café Torrado e Moído a Vácuo Pilão 252 Graus Pacote 500g R$ 41,99 Café Torrado e Moído Chocolate com Menta Baggio Pacote 250g R$ 28,49 Café Torrado e Moído Tradicional Café Pelé Pacote 500g R$ 17,49 Café Torrado e Moído a Vácuo Tradicional Qualitá Pacote 250g R$ 22,29 Drip Coffee - Qualitá Premium 100g R$ 37,99 Café Torrado e Moído Pilão 252 Graus Pouch 500g R$ 34,99 Café Torrado e Moído a Vácuo Extraforte Caboclo Pacote 500g R$ 35,99 Café Torrado e Moído Equilibrado Lor Torras Gourmet Sachê 25",,34.99,,,,unknown,
Especiais,"Especiais Ofertas Meu Desconto Minha Lista Qualitá Rótulos Clube Extra Cartões Extra Feira Extra Hora do Churras Folheteria Digital Eletro Categorias Alimentos Bebidas Limpeza Descartáveis Bebê e Criança Perfumaria PetShop Bazar Caras do Brasil Categorias Categorias Categorias Para aumentar ou reduzir a fonte, utilize os atalhos nativos do seu navegador: No windows CTRL + (para aumentar) e CTRL - (para diminuir) No macOS CMD + (para aumentar) e CMD - (para diminuir) Seguros Extra Cartões Extra Nossas Lojas Como Comprar 0 Digite o que você quer encontrar BUSCAR Entrar 0 Ver todas categorias 💳 Ofertas Cartão Extra 📲 Clube Extra 📝 Minha Lista 🤩 Meus Favoritos ⭐ Ofertas do dia Home Alimentos Básico da Despensa Cafés Café Torrado e Moído Café Torrado e Moído a Vácuo Extraforte Café Brasileiro Pacote 500g Cód.: 1344781 R$ 32,49 Preço por 1kg - R$ 64,98 Comprar Faça sua primeira compra online com cupom NOVA20 Para compras acima de R$149,00 Copiar Cupom Calcular o frete e prazo: OK Café Torrado e Moído a Vácuo Extraforte Café Brasileiro Pacote 500g R$ 32,49 Comprar Veja também R$ 41,49 Café Torrado e Moído Extraforte Melitta Caixa 500g R$ 17,49 CaféTorrado e Moído Tradicional Qualitá Pacote 250g R$ 32,49 Café União Torrado e Moído Gourmet Mogiana Paulista 250g R$ 32,49 Café União Gourmet Sul De Minas 250g R$ 37,99 Café Torrado e Moído Tradicional União Pacote 500g R$ 37,99 Café Torrado e Moído Extraforte Pilão Pacote 500g R$ 34,99 Café Torrado e Moído Tradicional Café Brasileiro Pacote 500g R$ 37,99 Café Torrado e Moído a Vácuo Pilão 252 Graus Pacote 500g R$ 41,99 Café Torrado e Moído Chocolate com Menta Baggio Pacote 250g R$ 28,49 Café Torrado e Moído Tradicional Café Pelé Pacote 500g R$ 17,49 Café Torrado e Moído a Vácuo Tradicional Qualitá Pacote 250g R$ 22,29 Drip Coffee - Qualitá Premium 100g R$ 37,99 Café Torrado e Moído Pilão 252 Graus Pouch 500g R$ 34,99 Café Torrado e Moído a Vácuo Extraforte Caboclo Pacote 500g R$ 35,99 Café Torrado e Moído Equilibrado Lor Torras ",,32.49,,,,unknown,
Especiais,"Especiais Ofertas Meu Desconto Minha Lista Qualitá Rótulos Clube Extra Cartões Extra Feira Extra Hora do Churras Folheteria Digital Eletro Categorias Alimentos Bebidas Limpeza Descartáveis Bebê e Criança Perfumaria PetShop Bazar Caras do Brasil Categorias Categorias Categorias Para aumentar ou reduzir a fonte, utilize os atalhos nativos do seu navegador: No windows CTRL + (para aumentar) e CTRL - (para diminuir) No macOS CMD + (para aumentar) e CMD - (para diminuir) Seguros Extra Cartões Extra Nossas Lojas Como Comprar 0 Digite o que você quer encontrar BUSCAR Entrar 0 Ver todas categorias 💳 Ofertas Cartão Extra 📲 Clube Extra 📝 Minha Lista 🤩 Meus Favoritos ⭐ Ofertas do dia Home Alimentos Básico da Despensa Cafés Café Torrado e Moído Café Torrado e Moído Tradicional União Pacote 500g Cód.: 1344340 R$ 37,99 Preço por 1kg - R$ 75,98 Comprar Faça sua primeira compra online com cupom NOVA20 Para compras acima de R$149,00 Copiar Cupom Calcular o frete e prazo: OK Café Torrado e Moído Tradicional União Pacote 500g R$ 37,99 Comprar Veja também R$ 41,49 Café Torrado e Moído Extraforte Melitta Caixa 500g R$ 17,49 CaféTorrado e Moído Tradicional Qualitá Pacote 250g R$ 32,49 Café União Torrado e Moído Gourmet Mogiana Paulista 250g R$ 32,49 Café União Gourmet Sul De Minas 250g R$ 37,99 Café Torrado e Moído Tradicional União Pacote 500g R$ 37,99 Café Torrado e Moído Extraforte Pilão Pacote 500g R$ 34,99 Café Torrado e Moído Tradicional Café Brasileiro Pacote 500g R$ 37,99 Café Torrado e Moído a Vácuo Pilão 252 Graus Pacote 500g R$ 41,99 Café Torrado e Moído Chocolate com Menta Baggio Pacote 250g R$ 28,49 Café Torrado e Moído Tradicional Café Pelé Pacote 500g R$ 17,49 Café Torrado e Moído a Vácuo Tradicional Qualitá Pacote 250g R$ 22,29 Drip Coffee - Qualitá Premium 100g R$ 37,99 Café Torrado e Moído Pilão 252 Graus Pouch 500g R$ 34,99 Café Torrado e Moído a Vácuo Extraforte Caboclo Pacote 500g R$ 35,99 Café Torrado e Moído Equilibrado Lor Torras Gourmet Sachê 250g R$ 41,49 Café T",,37.99,,,,unknown,
Especiais,"Especiais Ofertas Meu Desconto Minha Lista Qualitá Rótulos Clube Extra Cartões Extra Feira Extra Hora do Churras Folheteria Digital Eletro Categorias Alimentos Bebidas Limpeza Descartáveis Bebê e Criança Perfumaria PetShop Bazar Caras do Brasil Categorias Categorias Categorias Para aumentar ou reduzir a fonte, utilize os atalhos nativos do seu navegador: No windows CTRL + (para aumentar) e CTRL - (para diminuir) No macOS CMD + (para aumentar) e CMD - (para diminuir) Seguros Extra Cartões Extra Nossas Lojas Como Comprar 0 Digite o que você quer encontrar BUSCAR Entrar 0 Ver todas categorias 💳 Ofertas Cartão Extra 📲 Clube Extra 📝 Minha Lista 🤩 Meus Favoritos ⭐ Ofertas do dia Home Alimentos Padaria Padaria Industrializada Pães Pão de Forma Tradicional Qualitá Pacote 400g Cód.: 1392150 R$ 6,29 Comprar Faça sua primeira compra online com cupom NOVA20 Para compras acima de R$149,00 Copiar Cupom Calcular o frete e prazo: OK Pão de Forma Tradicional Qualitá Pacote 400g R$ 6,29 Comprar Veja também R$ 11,29 Pão Milho Qualitá Pacote 300g R$ 5,90 Pão Ciabatta de Azeitona 150g R$ 13,29 Pão Brioche Tradicional Casa Doro 300G R$ 12,90 Pão para Hot-Dog Original Wickbold Pacote 200g R$ 13,29 Pão Mini Brioche Cenoura Casa Doro 270G R$ 22,50 Bisnaguinha Sem Glúten Sem Leite Tradicional Belive 200g R$ 9,49 -17% R$ 11,49 Pão de Forma Alecrim e Azeite Panco Artesanale Pacote 350g R$ 9,89 Pão de Forma Tradicional Zero Lactose Wickbold 5 Zeros Pacote 350g R$ 22,50 Pão De Forma Belive Tradicional Sem Glúten 400G R$ 16,90 Pão Caseirinho 67,3% Integral Multicereais 400g R$ 21,50 Pão Libanês Pequeno com 12 Unidades MAXIFOUR 350g R$ 30,50 Pão de Forma Multigrãos sem Glúten Zero Lactose Wickbold Pacote 300g R$ 16,49 Pão de Cebola Santa Massa 400g R$ 13,29 Pão Brioche Integral Casa Doro 300G R$ 11,89 -14% R$ 13,90 Pão Sovado QUALITÁ 500g R$ 11,29 Pão Milho Qualitá Pacote 300g R$ 5,90 Pão Ciabatta de Azeitona 150g R$ 13,29 Pão Brioche Tradicional Casa Doro 300G R$ 12,90 Pão para Hot-Dog Original W",,6.29,,,,unknown,
Especiais,"Especiais Ofertas Meu Desconto Minha Lista Qualitá Rótulos Clube Extra Cartões Extra Feira Extra Hora do Churras Folheteria Digital Eletro Categorias Alimentos Bebidas Limpeza Descartáveis Bebê e Criança Perfumaria PetShop Bazar Caras do Brasil Categorias Categorias Categorias Para aumentar ou reduzir a fonte, utilize os atalhos nativos do seu navegador: No windows CTRL + (para aumentar) e CTRL - (para diminuir) No macOS CMD + (para aumentar) e CMD - (para diminuir) Seguros Extra Cartões Extra Nossas Lojas Como Comprar 0 Digite o que você quer encontrar BUSCAR Entrar 0 Ver todas categorias 💳 Ofertas Cartão Extra 📲 Clube Extra 📝 Minha Lista 🤩 Meus Favoritos ⭐ Ofertas do dia Home Alimentos Padaria Padaria Industrializada Pães Pão De Forma SEVEN BOYS Pacote 450g Cód.: 3738542 R$ 6,99 R$ 7,39 -5% Comprar Faça sua primeira compra online com cupom NOVA20 Para compras acima de R$149,00 Copiar Cupom Calcular o frete e prazo: OK Pão De Forma SEVEN BOYS Pacote 450g R$ 6,99 Comprar Veja também R$ 11,29 Pão Milho Qualitá Pacote 300g R$ 5,90 Pão Ciabatta de Azeitona 150g R$ 13,29 Pão Brioche Tradicional Casa Doro 300G R$ 12,90 Pão para Hot-Dog Original Wickbold Pacote 200g R$ 13,29 Pão Mini Brioche Cenoura Casa Doro 270G R$ 22,50 Bisnaguinha Sem Glúten Sem Leite Tradicional Belive 200g R$ 9,49 -17% R$ 11,49 Pão de Forma Alecrim e Azeite Panco Artesanale Pacote 350g R$ 9,89 Pão de Forma Tradicional Zero Lactose Wickbold 5 Zeros Pacote 350g R$ 22,50 Pão De Forma Belive Tradicional Sem Glúten 400G R$ 16,90 Pão Caseirinho 67,3% Integral Multicereais 400g R$ 21,50 Pão Libanês Pequeno com 12 Unidades MAXIFOUR 350g R$ 30,50 Pão de Forma Multigrãos sem Glúten Zero Lactose Wickbold Pacote 300g R$ 16,49 Pão de Cebola Santa Massa 400g R$ 13,29 Pão Brioche Integral Casa Doro 300G R$ 11,89 -14% R$ 13,90 Pão Sovado QUALITÁ 500g R$ 11,29 Pão Milho Qualitá Pacote 300g R$ 5,90 Pão Ciabatta de Azeitona 150g R$ 13,29 Pão Brioche Tradicional Casa Doro 300G R$ 12,90 Pão para Hot-Dog Original Wickbol",,6.99,,,,unknown,
Especiais,"Especiais Ofertas Meu Desconto Minha Lista Qualitá Rótulos Clube Extra Cartões Extra Feira Extra Hora do Churras Folheteria Digital Eletro Categorias Alimentos Bebidas Limpeza Descartáveis Bebê e Criança Perfumaria PetShop Bazar Caras do Brasil Categorias Categorias Categorias Para aumentar ou reduzir a fonte, utilize os atalhos nativos do seu navegador: No windows CTRL + (para aumentar) e CTRL - (para diminuir) No macOS CMD + (para aumentar) e CMD - (para diminuir) Seguros Extra Cartões Extra Nossas Lojas Como Comprar 0 Digite o que você quer encontrar BUSCAR Entrar 0 Ver todas categorias 💳 Ofertas Cartão Extra 📲 Clube Extra 📝 Minha Lista 🤩 Meus Favoritos ⭐ Ofertas do dia Home Alimentos Padaria Padaria Industrializada Pães Pão de Forma Tradicional Pullman 480g Cód.: 3796832 R$ 9,99 R$ 11,90 -16% Comprar Faça sua primeira compra online com cupom NOVA20 Para compras acima de R$149,00 Copiar Cupom Calcular o frete e prazo: OK Pão de Forma Tradicional Pullman 480g R$ 9,99 Comprar Veja também R$ 11,29 Pão Milho Qualitá Pacote 300g R$ 5,90 Pão Ciabatta de Azeitona 150g R$ 13,29 Pão Brioche Tradicional Casa Doro 300G R$ 12,90 Pão para Hot-Dog Original Wickbold Pacote 200g R$ 13,29 Pão Mini Brioche Cenoura Casa Doro 270G R$ 22,50 Bisnaguinha Sem Glúten Sem Leite Tradicional Belive 200g R$ 9,49 -17% R$ 11,49 Pão de Forma Alecrim e Azeite Panco Artesanale Pacote 350g R$ 9,89 Pão de Forma Tradicional Zero Lactose Wickbold 5 Zeros Pacote 350g R$ 22,50 Pão De Forma Belive Tradicional Sem Glúten 400G R$ 16,90 Pão Caseirinho 67,3% Integral Multicereais 400g R$ 21,50 Pão Libanês Pequeno com 12 Unidades MAXIFOUR 350g R$ 30,50 Pão de Forma Multigrãos sem Glúten Zero Lactose Wickbold Pacote 300g R$ 16,49 Pão de Cebola Santa Massa 400g R$ 13,29 Pão Brioche Integral Casa Doro 300G R$ 11,89 -14% R$ 13,90 Pão Sovado QUALITÁ 500g R$ 11,29 Pão Milho Qualitá Pacote 300g R$ 5,90 Pão Ciabatta de Azeitona 150g R$ 13,29 Pão Brioche Tradicional Casa Doro 300G R$ 12,90 Pão para Hot-Dog Original W",,9.99,,,,unknown,
Especiais,"Especiais Ofertas Meu Desconto Minha Lista Qualitá Rótulos Clube Extra Cartões Extra Feira Extra Hora do Churras Folheteria Digital Eletro Categorias Alimentos Bebidas Limpeza Descartáveis Bebê e Criança Perfumaria PetShop Bazar Caras do Brasil Categorias Categorias Categorias Para aumentar ou reduzir a fonte, utilize os atalhos nativos do seu navegador: No windows CTRL + (para aumentar) e CTRL - (para diminuir) No macOS CMD + (para aumentar) e CMD - (para diminuir) Seguros Extra Cartões Extra Nossas Lojas Como Comprar 0 Digite o que você quer encontrar BUSCAR Entrar 0 Ver todas categorias 💳 Ofertas Cartão Extra 📲 Clube Extra 📝 Minha Lista 🤩 Meus Favoritos ⭐ Ofertas do dia Home Alimentos Padaria Padaria Industrializada Pães Pão de Forma Tradicional Pullman 480g Cód.: 3796832 R$ 9,99 R$ 11,90 -16% Comprar Faça sua primeira compra online com cupom NOVA20 Para compras acima de R$149,00 Copiar Cupom Calcular o frete e prazo: OK Pão de Forma Tradicional Pullman 480g R$ 9,99 Comprar Veja também R$ 11,29 Pão Milho Qualitá Pacote 300g R$ 5,90 Pão Ciabatta de Azeitona 150g R$ 13,29 Pão Brioche Tradicional Casa Doro 300G R$ 12,90 Pão para Hot-Dog Original Wickbold Pacote 200g R$ 13,29 Pão Mini Brioche Cenoura Casa Doro 270G R$ 22,50 Bisnaguinha Sem Glúten Sem Leite Tradicional Belive 200g R$ 9,49 -17% R$ 11,49 Pão de Forma Alecrim e Azeite Panco Artesanale Pacote 350g R$ 9,89 Pão de Forma Tradicional Zero Lactose Wickbold 5 Zeros Pacote 350g R$ 22,50 Pão De Forma Belive Tradicional Sem Glúten 400G R$ 16,90 Pão Caseirinho 67,3% Integral Multicereais 400g R$ 21,50 Pão Libanês Pequeno com 12 Unidades MAXIFOUR 350g R$ 30,50 Pão de Forma Multigrãos sem Glúten Zero Lactose Wickbold Pacote 300g R$ 16,49 Pão de Cebola Santa Massa 400g R$ 13,29 Pão Brioche Integral Casa Doro 300G R$ 11,89 -14% R$ 13,90 Pão Sovado QUALITÁ 500g R$ 11,29 Pão Milho Qualitá Pacote 300g R$ 5,90 Pão Ciabatta de Azeitona 150g R$ 13,29 Pão Brioche Tradicional Casa Doro 300G R$ 12,90 Pão para Hot-Dog Original W",,9.99,,,,unknown,
Especiais,"Especiais Ofertas Meu Desconto Minha Lista Qualitá Rótulos Clube Extra Cartões Extra Feira Extra Hora do Churras Folheteria Digital Eletro Categorias Alimentos Bebidas Limpeza Descartáveis Bebê e Criança Perfumaria PetShop Bazar Caras do Brasil Categorias Categorias Categorias Para aumentar ou reduzir a fonte, utilize os atalhos nativos do seu navegador: No windows CTRL + (para aumentar) e CTRL - (para diminuir) No macOS CMD + (para aumentar) e CMD - (para diminuir) Seguros Extra Cartões Extra Nossas Lojas Como Comprar 0 Digite o que você quer encontrar BUSCAR Entrar 0 Ver todas categorias 💳 Ofertas Cartão Extra 📲 Clube Extra 📝 Minha Lista 🤩 Meus Favoritos ⭐ Ofertas do dia Home Alimentos Padaria Padaria Industrializada Pães Pão de Forma Plufi Nut 400g Cód.: 1352567 R$ 5,99 Preço por 500g - R$ 7,48 Comprar Faça sua primeira compra online com cupom NOVA20 Para compras acima de R$149,00 Copiar Cupom Calcular o frete e prazo: OK Pão de Forma Plufi Nut 400g R$ 5,99 Comprar Veja também R$ 11,29 Pão Milho Qualitá Pacote 300g R$ 5,90 Pão Ciabatta de Azeitona 150g R$ 13,29 Pão Brioche Tradicional Casa Doro 300G R$ 12,90 Pão para Hot-Dog Original Wickbold Pacote 200g R$ 13,29 Pão Mini Brioche Cenoura Casa Doro 270G R$ 22,50 Bisnaguinha Sem Glúten Sem Leite Tradicional Belive 200g R$ 9,49 -17% R$ 11,49 Pão de Forma Alecrim e Azeite Panco Artesanale Pacote 350g R$ 9,89 Pão de Forma Tradicional Zero Lactose Wickbold 5 Zeros Pacote 350g R$ 22,50 Pão De Forma Belive Tradicional Sem Glúten 400G R$ 16,90 Pão Caseirinho 67,3% Integral Multicereais 400g R$ 21,50 Pão Libanês Pequeno com 12 Unidades MAXIFOUR 350g R$ 30,50 Pão de Forma Multigrãos sem Glúten Zero Lactose Wickbold Pacote 300g R$ 16,49 Pão de Cebola Santa Massa 400g R$ 13,29 Pão Brioche Integral Casa Doro 300G R$ 11,89 -14% R$ 13,90 Pão Sovado QUALITÁ 500g R$ 11,29 Pão Milho Qualitá Pacote 300g R$ 5,90 Pão Ciabatta de Azeitona 150g R$ 13,29 Pão Brioche Tradicional Casa Doro 300G R$ 12,90 Pão para Hot-Dog Original Wickbold P",,5.99,,,,unknown,
Especiais,"Especiais Ofertas Meu Desconto Minha Lista Qualitá Rótulos Clube Extra Cartões Extra Feira Extra Hora do Churras Folheteria Digital Eletro Categorias Alimentos Bebidas Limpeza Descartáveis Bebê e Criança Perfumaria PetShop Bazar Caras do Brasil Categorias Categorias Categorias Para aumentar ou reduzir a fonte, utilize os atalhos nativos do seu navegador: No windows CTRL + (para aumentar) e CTRL - (para diminuir) No macOS CMD + (para aumentar) e CMD - (para diminuir) Seguros Extra Cartões Extra Nossas Lojas Como Comprar 0 Digite o que você quer encontrar BUSCAR Entrar 0 Ver todas categorias 💳 Ofertas Cartão Extra 📲 Clube Extra 📝 Minha Lista 🤩 Meus Favoritos ⭐ Ofertas do dia Home Bebidas Não Alcoólicas Refrigerantes Guaraná Refrigerante Zero Açúcar Guaraná Antarctica Lata 350ml Cód.: 0252157 R$ 3,49 Preço por 1L - R$ 9,97 Comprar Faça sua primeira compra online com cupom NOVA20 Para compras acima de R$149,00 Copiar Cupom Calcular o frete e prazo: OK Refrigerante Zero Açúcar Guaraná Antarctica Lata 350ml R$ 3,49 Comprar Veja também R$ 2,49 Refrigerante Guaraná Fanta Lata 220ml R$ 2,69 -20% R$ 3,39 Refrigerante Guaraná Zero Adição de Açúcar Fanta Lata 350ml R$ 3,49 Refrigerante ANTARCTICA Guaraná Lata 350ml R$ 2,99 Refrigerante Guaraná FYs Lata 350ml R$ 5,49 -8% R$ 5,99 refrigerante dolly pet 2l R$ 4,89 Refrigerante ANTARCTICA Guaraná Zero Garrafa 600ML R$ 2,49 Refrigerante DOLLY Guaraná Garrafa 350ml R$ 6,69 Refrigerante Kuat Garrafa 2l R$ 2,99 Refrigerante Guaraná Zero Açúcar Fys Lata 350ml R$ 2,69 -20% R$ 3,39 Refrigerante Guaraná Fanta Lata 350ml R$ 1,89 Refrigerante Guaraná Antarctica Garrafa 200ml R$ 9,69 Refrigerante Guaraná ANTARCTICA Garrafa 2L R$ 6,99 -15% R$ 8,29 Refrigerante Guaraná Fanta Garrafa 2l R$ 3,59 Refrigerante Tutti Frutti Itubaína Original Garrafa 355ml R$ 7,39 Refrigerante Zero Açúcar Guaraná Antarctica Garrafa 1,5l R$ 2,49 Refrigerante Guaraná Fanta Lata 220ml R$ 2,69 -20% R$ 3,39 Refrigerante Guaraná Zero Adição de Açúcar Fanta Lata 350ml R$ 3,",,3.49,,,,unknown,
Especiais,"Especiais Ofertas Meu Desconto Minha Lista Qualitá Rótulos Clube Extra Cartões Extra Feira Extra Hora do Churras Folheteria Digital Eletro Categorias Alimentos Bebidas Limpeza Descartáveis Bebê e Criança Perfumaria PetShop Bazar Caras do Brasil Categorias Categorias Categorias Para aumentar ou reduzir a fonte, utilize os atalhos nativos do seu navegador: No windows CTRL + (para aumentar) e CTRL - (para diminuir) No macOS CMD + (para aumentar) e CMD - (para diminuir) Seguros Extra Cartões Extra Nossas Lojas Como Comprar 0 Digite o que você quer encontrar BUSCAR Entrar 0 Ver todas categorias 💳 Ofertas Cartão Extra 📲 Clube Extra 📝 Minha Lista 🤩 Meus Favoritos ⭐ Ofertas do dia Home Bebidas Não Alcoólicas Refrigerantes Cola Refrigerante Coca-Cola Original Garrafa 2l Cód.: 1207431 R$ 11,99 Preço por 1L - R$ 5,99 Comprar Faça sua primeira compra online com cupom NOVA20 Para compras acima de R$149,00 Copiar Cupom Calcular o frete e prazo: OK Refrigerante Coca-Cola Original Garrafa 2l R$ 11,99 Comprar Veja também R$ 8,79 Refrigerante Cola Zero Açúcar Pepsi Black Garrafa 2l R$ 5,29 -10% R$ 5,89 Refrigerante sem Açúcar Coca-Cola Garrafa 600ml R$ 8,49 -12% R$ 9,69 Refrigerante sem Açúcar Coca-Cola Garrafa 1,5l R$ 15,98 -6% R$ 17,18 Kit 1 Coca-Cola Zero pet 1,5L + 1 Sprite Lemon Fresh pet 1,5L R$ 2,99 Refrigerante Coca-Cola Café Expresso LATA 220ML R$ 3,79 Refrigerante sem Açúcar Coca-Cola Lata 310ml R$ 4,19 Refrigerante Coca-Cola Garrafa 250ml R$ 18,99 -17% R$ 22,99 Pack Refrigerante Coca-Cola Original Lata 6 Unidades 350ml Cada Leve Mais Pague Menos R$ 1,89 Refrigerante Cola Pepsi Garrafa 200ml R$ 18,99 -17% R$ 22,99 Pack Refrigerante sem Açúcar Coca-Cola Lata 6 Unidades 350ml Cada Leve Mais Pague Menos R$ 6,99 Refrigerante PEPSI Garrafa 1,5L R$ 1,99 Refrigerante sem Açúcar Coca-Cola Garrafa 200ml R$ 1,99 Refrigerante Coca-Cola Garrafa 200ml R$ 14,79 Refrigerante Coca-Cola Original Garrafa 3l Embalagem Econômica R$ 6,99 Refrigerante Coca-Cola Garrafa 1l R$ 8,79 Refrigerante Co",,11.99,,,,unknown,
"Este sitio web utiliza cookies propias para optimizar la experiencia de nuestros clientes, analizar estadísticas de navegación del sitio y de terceros para brindar contenidos personalizados de acuerdo","Este sitio web utiliza cookies propias para optimizar la experiencia de nuestros clientes, analizar estadísticas de navegación del sitio y de terceros para brindar contenidos personalizados de acuerdo con sus preferencias. Al dar click en [Aceptar], autoriza el uso de cookies durante su navegación. Para más información, consulte nuestra Política de Cookies en el Aviso de Privacidad . Aceptar Supermercado Frutas y verduras Verduras Cebolla Blanca por kg Frutas y Verduras Cargando comentarios… Cebolla Blanca por kg Cebolla Blanca por kg Referencia : 3102851 Información Cebolla Blanca por kilo. *Las imágenes del producto son únicamente de referencia, el diseños de etiquetas y el contenido (ml, L, Kg, g, piezas, etc) pueden cambiar y/o variar sin previo aviso. Mostrar más Comparte Vendido y entregado por: Chedraui Descripción Especificaciones Las verduras, son un complemento necesario para la comida diaria, ya que aportan una gran variedad de nutrientes que tu cuerpo necesita. Las verduras contribuyen con vitaminas y minerales, además de proporcionar agua al cuerpo. También contienen fibra, antioxidantes y algunas de ellas un alto contenido en potasio lo que te ayuda a eliminar el exceso de líquidos en el cuerpo. Todos estos valores agregados de las verduras las hacen ser importantes para el sano cuidado de la salud. Encuentra todo tipo de verduras y frutas solo en Chedraui.com Productos relacionados Col Blanca por kg Frutas y Verduras $0.00 Aprox 1.4kg c/u Combo Cantidad Máxima Equivale a ≈1 pza 3x2 Cebolla de Rabo por kg Frutas y Verduras $0.00 Aprox 100g c/u Combo Cantidad Máxima Equivale a ≈1 pza 3x2 Apio por kg Frutas y Verduras $0.00 Aprox 700g c/u Combo Cantidad Máxima Equivale a ≈1 pza 3x2 Habas por kg Frutas y Verduras $0.00 Desde 100g Combo Cantidad Máxima Equivale a ≈1 pza 3x2 Cebolla Morada por kg Frutas y Verduras $0.00 Aprox 360g c/u Combo Cantidad Máxima Equivale a ≈1 pza 3x2 Ejote por kg Frutas y Verduras $0.00 Aprox 100g c/u Combo Cantidad Máxima Equiva",,000,,,,unknown,
Especiais,"Especiais Ofertas Meu Desconto Minha Lista Qualitá Rótulos Clube Extra Cartões Extra Feira Extra Hora do Churras Folheteria Digital Eletro Categorias Alimentos Bebidas Limpeza Descartáveis Bebê e Criança Perfumaria PetShop Bazar Caras do Brasil Categorias Categorias Categorias Para aumentar ou reduzir a fonte, utilize os atalhos nativos do seu navegador: No windows CTRL + (para aumentar) e CTRL - (para diminuir) No macOS CMD + (para aumentar) e CMD - (para diminuir) Seguros Extra Cartões Extra Nossas Lojas Como Comprar 0 Digite o que você quer encontrar BUSCAR Entrar 0 Ver todas categorias 💳 Ofertas Cartão Extra 📲 Clube Extra 📝 Minha Lista 🤩 Meus Favoritos ⭐ Ofertas do dia Home Bebidas Não Alcoólicas Refrigerantes Demais Refrigerantes Refrigerante Limão Sprite Garrafa 2l Cód.: 1156051 R$ 7,99 R$ 8,99 -11% Comprar Faça sua primeira compra online com cupom NOVA20 Para compras acima de R$149,00 Copiar Cupom Calcular o frete e prazo: OK Refrigerante Limão Sprite Garrafa 2l R$ 7,99 Comprar Veja também R$ 4,69 Refrigerante H2OH Limoneto Garrafa 500ML R$ 3,69 Refrigerante Uva Fanta Lata 350ml R$ 5,39 Refrigerante Limão Sprite Garrafa 600ml R$ 2,89 Refrigerante Laranja Fanta Lata 220ml R$ 1,69 Refrigerante Limão Sprite Garrafa 200ml R$ 5,39 Refrigerante Laranja Fanta Garrafa 600ml R$ 2,49 Refrigerante DOLLY Limão Garrafa 350ml R$ 5,49 -8% R$ 5,99 Refrigerante DOLLY Citrus Garrafa 2 Litros R$ 7,99 -17% R$ 9,69 Refrigerante Uva Fanta Garrafa 2l R$ 4,79 Refrigerante ANTARCTICA Soda Limonada Garrafa 600ml R$ 4,69 Refrigerante Limão Zero Açúcar H2OH! Garrafa 500ml R$ 1,89 Refrigerante Limonada Soda Antarctica Garrafa 200ml R$ 7,49 Refrigerante Lemon Fresh Sprite Garrafa 1,5l R$ 6,89 Refrigerante SUKITA Laranja Garrafa 2L R$ 9,39 Refrigerante H2OH Limão Garrafa 1,5L R$ 4,69 Refrigerante H2OH Limoneto Garrafa 500ML R$ 3,69 Refrigerante Uva Fanta Lata 350ml R$ 5,39 Refrigerante Limão Sprite Garrafa 600ml R$ 2,89 Refrigerante Laranja Fanta Lata 220ml R$ 1,69 Refrigerante Limão Sprit",,7.99,,,,unknown,
Especiais,"Especiais Ofertas Meu Desconto Minha Lista Qualitá Rótulos Clube Extra Cartões Extra Feira Extra Hora do Churras Folheteria Digital Eletro Categorias Alimentos Bebidas Limpeza Descartáveis Bebê e Criança Perfumaria PetShop Bazar Caras do Brasil Categorias Categorias Categorias Para aumentar ou reduzir a fonte, utilize os atalhos nativos do seu navegador: No windows CTRL + (para aumentar) e CTRL - (para diminuir) No macOS CMD + (para aumentar) e CMD - (para diminuir) Seguros Extra Cartões Extra Nossas Lojas Como Comprar 0 Digite o que você quer encontrar BUSCAR Entrar 0 Ver todas categorias 💳 Ofertas Cartão Extra 📲 Clube Extra 📝 Minha Lista 🤩 Meus Favoritos ⭐ Ofertas do dia Home Bebidas Não Alcoólicas Refrigerantes Cola Refrigerante Cola Pepsi Garrafa 200ml Cód.: 1226563 R$ 1,89 Preço por 1L - R$ 9,45 Comprar Faça sua primeira compra online com cupom NOVA20 Para compras acima de R$149,00 Copiar Cupom Calcular o frete e prazo: OK Refrigerante Cola Pepsi Garrafa 200ml R$ 1,89 Comprar Veja também R$ 8,79 Refrigerante Cola Zero Açúcar Pepsi Black Garrafa 2l R$ 5,29 -10% R$ 5,89 Refrigerante sem Açúcar Coca-Cola Garrafa 600ml R$ 8,49 -12% R$ 9,69 Refrigerante sem Açúcar Coca-Cola Garrafa 1,5l R$ 15,98 -6% R$ 17,18 Kit 1 Coca-Cola Zero pet 1,5L + 1 Sprite Lemon Fresh pet 1,5L R$ 2,99 Refrigerante Coca-Cola Café Expresso LATA 220ML R$ 3,79 Refrigerante sem Açúcar Coca-Cola Lata 310ml R$ 4,19 Refrigerante Coca-Cola Garrafa 250ml R$ 18,99 -17% R$ 22,99 Pack Refrigerante Coca-Cola Original Lata 6 Unidades 350ml Cada Leve Mais Pague Menos R$ 1,89 Refrigerante Cola Pepsi Garrafa 200ml R$ 18,99 -17% R$ 22,99 Pack Refrigerante sem Açúcar Coca-Cola Lata 6 Unidades 350ml Cada Leve Mais Pague Menos R$ 6,99 Refrigerante PEPSI Garrafa 1,5L R$ 1,99 Refrigerante sem Açúcar Coca-Cola Garrafa 200ml R$ 1,99 Refrigerante Coca-Cola Garrafa 200ml R$ 14,79 Refrigerante Coca-Cola Original Garrafa 3l Embalagem Econômica R$ 6,99 Refrigerante Coca-Cola Garrafa 1l R$ 8,79 Refrigerante Cola Zero Açúc",,1.89,,,,unknown,
×,"× COMUNICADO IMPORTANTE! Caro cliente, Informamos que, a partir de 06/10, as compras on-line na loja de Anhanguera serão desativadas. Mas não se preocupe, você continua aproveitando os benefícios pelo app Bretas ou compras no site com opção de retirada na loja de Goiânia Shopping. Agradecemos a sua preferência! Clube Bretas • Baixe o app, ative suas ofertas e aproveite os descontos! Como deseja receber suas compras? O que você está procurando? Entrar Serviços Bebida Não Alcoólica Refrigerante Convencional Refrigerante Guaraná Kuat Pet 2l Referência : 1100074 Refrigerante Guaraná Kuat Pet 2l Condições de pagamento R$ 0 , 00 R$ 5 , 99 1 x de R$ 5,99 sem juros Adicionar ao carrinho Descrição Características Avaliações dos Clientes Descrição do produto O Refrigerante de Guaraná Kuat é conhecido por seu sabor irresistível e refrescante. Essa é uma bebida que vem em em uma embalagem de 2 litros, ideal para compartilhar com amigos e familiares, e a sua embalagem é uma garrafa PET, que deve ser conservada em local fresco e seco, longe do calor e da luz direta para manter a qualidade do produto. O Refrigerante de Guaraná Kuat é perfeito para matar a sede e proporcionar momentos de refrescância, sendo uma excelente escolha para festas, reuniões familiares ou simplesmente para desfrutar em casa. Ao escolher esse Refrigerante de Guaraná Kuat, você opta por um produto de qualidade que é amplamente apreciado e reconhecido. Ver mais Produtos Relacionados Refrigerante Fanta Mistério Beetlejuice Lata 310ml Disponível em breve Refrigerante Fanta Mistério Lata 350ml Disponível em breve Refrigerante Sprite s/ Garrafa Retornável 2l Disponível em breve Refrigerante Fanta Laranja Splash 500ml Disponível em breve Refrigerante Fanta Guaraná Pet 200ml Disponível em breve Refrigerante It Laranja Pet 2 Litros R$ 0 , 00 R$ 5 , 99 1 x de R$ 5,99 sem juros Adicionar ao carrinho Refrigerante Pepsi Pet 2 Litro R$ 0 , 00 R$ 7 , 59 1 x de R$ 7,59 sem juros Adicionar ao carrinho Refrigerante Soda Limo",,0,,,,unknown,
Especiais,"Especiais Ofertas Meu Desconto Minha Lista Qualitá Rótulos Clube Extra Cartões Extra Feira Extra Hora do Churras Folheteria Digital Eletro Categorias Alimentos Bebidas Limpeza Descartáveis Bebê e Criança Perfumaria PetShop Bazar Caras do Brasil Categorias Categorias Categorias Para aumentar ou reduzir a fonte, utilize os atalhos nativos do seu navegador: No windows CTRL + (para aumentar) e CTRL - (para diminuir) No macOS CMD + (para aumentar) e CMD - (para diminuir) Seguros Extra Cartões Extra Nossas Lojas Como Comprar 0 Digite o que você quer encontrar BUSCAR Entrar 0 Ver todas categorias 💳 Ofertas Cartão Extra 📲 Clube Extra 📝 Minha Lista 🤩 Meus Favoritos ⭐ Ofertas do dia Home Alimentos Básico da Despensa Massas Massas Secas +4 Macarrão ADRIA com Ovos Espaguete - 8 500g Cód.: 0797900 R$ 3,89 Preço por 1kg - R$ 7,78 Comprar Faça sua primeira compra online com cupom NOVA20 Para compras acima de R$149,00 Copiar Cupom Calcular o frete e prazo: OK Macarrão ADRIA com Ovos Espaguete - 8 500g R$ 3,89 Comprar Veja também R$ 5,59 Macarrão com Ovos Pai Nosso Barilla Pacote 500g R$ 4,09 Macarrão Semolado Padre Nosso Basilar Pacote 400g R$ 9,49 Macarrão Grano Duro Fettuccine PETYBON Pacote 500g R$ 14,29 Macarrão Grano Duro Di Martino Linguine importado 500g R$ 3,89 Macarrão ADRIA com Ovos Nhoque 500g R$ 11,29 Macarrão de Sêmola de Trigo Grano Duro Integral Fusilli Renata Superiore Pacote 500g R$ 8,49 Macarrão Massa Tipo Caseira QUALITÁ Pappardelle 400g R$ 3,19 Macarrão com Ovos Espaguete FLOR DE LIZ Pacote 500g R$ 4,29 Macarrão de Sêmola Parafuso Basilar Pacote 400g R$ 14,99 Barilla Farfalle Grano Duro 500g R$ 4,29 Macarrão Semolado Fininho Basilar Pacote 400g R$ 4,19 Massa Padre Nosso Ovos 20x500 g Camil R$ 9,19 Macarrão Adria Grano Duro Penne 500g R$ 3,89 Macarrão ADRIA com Ovos Conchinha Adria 500g R$ 5,29 Macarrão de Sêmola com Ovos Penne Renata Pacote 500g R$ 5,59 Macarrão com Ovos Pai Nosso Barilla Pacote 500g R$ 4,09 Macarrão Semolado Padre Nosso Basilar Pacote 400g R$ 9",,3.89,,,,unknown,
Especiais,"Especiais Ofertas Meu Desconto Minha Lista Qualitá Rótulos Clube Extra Cartões Extra Feira Extra Hora do Churras Folheteria Digital Eletro Categorias Alimentos Bebidas Limpeza Descartáveis Bebê e Criança Perfumaria PetShop Bazar Caras do Brasil Categorias Categorias Categorias Para aumentar ou reduzir a fonte, utilize os atalhos nativos do seu navegador: No windows CTRL + (para aumentar) e CTRL - (para diminuir) No macOS CMD + (para aumentar) e CMD - (para diminuir) Seguros Extra Cartões Extra Nossas Lojas Como Comprar 0 Digite o que você quer encontrar BUSCAR Entrar 0 Ver todas categorias 💳 Ofertas Cartão Extra 📲 Clube Extra 📝 Minha Lista 🤩 Meus Favoritos ⭐ Ofertas do dia Home Alimentos Básico da Despensa Massas Massas Secas Macarrão com Ovos Espaguete 8 Barilla Pacote 500g Cód.: 1022951 R$ 5,59 Preço por 1kg - R$ 11,18 Comprar Faça sua primeira compra online com cupom NOVA20 Para compras acima de R$149,00 Copiar Cupom Calcular o frete e prazo: OK Macarrão com Ovos Espaguete 8 Barilla Pacote 500g R$ 5,59 Comprar Descrição do produto A Massa com Ovos Barilla é macia e fica soltinha, sem necessidade de colocar óleo na água. Uma receita Italiana desenvolvida para o Brasil, feita com trigo tenro e agora com ovos de galinhas livres de gaiolas. Graças a seu diâmetro tradicional, de tamanho intermediário no universo das massas longas, o Espaguete 8 é extremamente versátil e permite infinitas combinações: desde as receitas mais tradicionais até as mais inéditas, é sempre perfeito para todas as ocasiões. Outros Nome Principal do Item Macarrão Informações Adicionais Corante Natural Glúten Contém Ovos Contém Soja Pode Conter Centeio Pode Conter Cevada Pode Conter Trigo Pode Conter Possui Informações Nutricionais Sim Produto Desnatado Não Produto Diet Não Produto Integral Não Produto Light Não Produto Orgânico Não Produto Semidesnatado Não Produto Vegetariano Não Produto Zero Calorias Não Produto Sem Adição Açúcar Não Característica Geral Marca Barilla Altura (cm) 7.8 Largura ",,5.59,,,,unknown,
Especiais,"Especiais Ofertas Meu Desconto Minha Lista Qualitá Rótulos Clube Extra Cartões Extra Feira Extra Hora do Churras Folheteria Digital Eletro Categorias Alimentos Bebidas Limpeza Descartáveis Bebê e Criança Perfumaria PetShop Bazar Caras do Brasil Categorias Categorias Categorias Para aumentar ou reduzir a fonte, utilize os atalhos nativos do seu navegador: No windows CTRL + (para aumentar) e CTRL - (para diminuir) No macOS CMD + (para aumentar) e CMD - (para diminuir) Seguros Extra Cartões Extra Nossas Lojas Como Comprar 0 Digite o que você quer encontrar BUSCAR Entrar 0 Ver todas categorias 💳 Ofertas Cartão Extra 📲 Clube Extra 📝 Minha Lista 🤩 Meus Favoritos ⭐ Ofertas do dia Home Alimentos Básico da Despensa Massas Massas Secas Massa Alimentícia Macarrão com Ovos Caseiro Ninho 2 Qualitá Pacote 500g Cód.: 1225203 R$ 8,49 Comprar +10% de desconto pagando com o Cartão Extra Faça sua primeira compra online com cupom NOVA20 Para compras acima de R$149,00 Copiar Cupom Calcular o frete e prazo: OK Massa Alimentícia Macarrão com Ovos Caseiro Ninho 2 Qualitá Pacote 500g R$ 8,49 Comprar Veja também R$ 5,59 Macarrão com Ovos Pai Nosso Barilla Pacote 500g R$ 4,09 Macarrão Semolado Padre Nosso Basilar Pacote 400g R$ 9,49 Macarrão Grano Duro Fettuccine PETYBON Pacote 500g R$ 14,29 Macarrão Grano Duro Di Martino Linguine importado 500g R$ 3,89 Macarrão ADRIA com Ovos Nhoque 500g R$ 11,29 Macarrão de Sêmola de Trigo Grano Duro Integral Fusilli Renata Superiore Pacote 500g R$ 8,49 Macarrão Massa Tipo Caseira QUALITÁ Pappardelle 400g R$ 3,19 Macarrão com Ovos Espaguete FLOR DE LIZ Pacote 500g R$ 4,29 Macarrão de Sêmola Parafuso Basilar Pacote 400g R$ 14,99 Barilla Farfalle Grano Duro 500g R$ 4,29 Macarrão Semolado Fininho Basilar Pacote 400g R$ 4,19 Massa Padre Nosso Ovos 20x500 g Camil R$ 9,19 Macarrão Adria Grano Duro Penne 500g R$ 3,89 Macarrão ADRIA com Ovos Conchinha Adria 500g R$ 5,29 Macarrão de Sêmola com Ovos Penne Renata Pacote 500g R$ 5,59 Macarrão com Ovos Pai Nosso Barilla",,8.49,,,,unknown,
Especiais,"Especiais Ofertas Meu Desconto Minha Lista Qualitá Rótulos Clube Extra Cartões Extra Feira Extra Hora do Churras Folheteria Digital Eletro Categorias Alimentos Bebidas Limpeza Descartáveis Bebê e Criança Perfumaria PetShop Bazar Caras do Brasil Categorias Categorias Categorias Para aumentar ou reduzir a fonte, utilize os atalhos nativos do seu navegador: No windows CTRL + (para aumentar) e CTRL - (para diminuir) No macOS CMD + (para aumentar) e CMD - (para diminuir) Seguros Extra Cartões Extra Nossas Lojas Como Comprar 0 Digite o que você quer encontrar BUSCAR Entrar 0 Ver todas categorias 💳 Ofertas Cartão Extra 📲 Clube Extra 📝 Minha Lista 🤩 Meus Favoritos ⭐ Ofertas do dia Home Alimentos Alimentos Refrigerados Laticínios Massas Refrigeradas Massa para Spaghetti Receita Italiana MASSA LEVE 500g Cód.: 2136417 R$ 11,49 Preço por 100g - R$ 2,29 Comprar Faça sua primeira compra online com cupom NOVA20 Para compras acima de R$149,00 Copiar Cupom Calcular o frete e prazo: OK Massa para Spaghetti Receita Italiana MASSA LEVE 500g R$ 11,49 Comprar Veja também R$ 11,90 Capeletti com Recheio de Carne QUALITÁ 400g R$ 11,49 Massa para Spaghetti Receita Italiana MASSA LEVE 500g R$ 14,49 Capeletti Frango Mezzani Bandeja 400g R$ 12,79 Nhoque de Batata Mezzani Pacote 500g R$ 10,90 Massa para Pastel Massa Leve Pacote 500g R$ 11,49 Massa para Talharim MASSA LEVE Pacote 500g R$ 8,39 Massa para Pizza Brotinho Mezzani Pacote 300g R$ 9,69 Massa para Pastel Mezzani Pacote 500g R$ 11,49 Capeletti com Recheio de Carne MASSA LEVE 400g R$ 17,90 Massa Pastel Bertioga Rolo 1kg R$ 19,49 Massa para Pastel Mezzani Pacote 1kg R$ 4,19 Massa para Pastel Mezzani Pacote 200g R$ 14,49 Capeletti 4 Queijos Mezzani Bandeja 400g R$ 8,69 Massa para Lasanha QUALITÁ 400g R$ 14,49 Capeletti Carne Mezzani Bandeja 400g R$ 11,90 Capeletti com Recheio de Carne QUALITÁ 400g R$ 11,49 Massa para Spaghetti Receita Italiana MASSA LEVE 500g R$ 14,49 Capeletti Frango Mezzani Bandeja 400g R$ 12,79 Nhoque de Batata Mezzani Pa",,11.49,,,,unknown,
Especiais,"Especiais Ofertas Meu Desconto Minha Lista Qualitá Rótulos Clube Extra Cartões Extra Feira Extra Hora do Churras Folheteria Digital Eletro Categorias Alimentos Bebidas Limpeza Descartáveis Bebê e Criança Perfumaria PetShop Bazar Caras do Brasil Categorias Categorias Categorias Para aumentar ou reduzir a fonte, utilize os atalhos nativos do seu navegador: No windows CTRL + (para aumentar) e CTRL - (para diminuir) No macOS CMD + (para aumentar) e CMD - (para diminuir) Seguros Extra Cartões Extra Nossas Lojas Como Comprar 0 Digite o que você quer encontrar BUSCAR Entrar 0 Ver todas categorias 💳 Ofertas Cartão Extra 📲 Clube Extra 📝 Minha Lista 🤩 Meus Favoritos ⭐ Ofertas do dia 0 Home Alimentos Básico da Despensa Massas Massas Secas Macarrão com Ovos Caseiro Talharim Nº 1 DE Pacote 500g Cód.: 0788502 Ops :( No momento não temos esse produto em estoque Indisponível Macarrão com Ovos Caseiro Talharim Nº 1 DE Pacote 500g Indisponível Veja também R$ 5,59 Macarrão com Ovos Pai Nosso Barilla Pacote 500g R$ 4,09 Macarrão Semolado Padre Nosso Basilar Pacote 400g R$ 9,49 Macarrão Grano Duro Fettuccine PETYBON Pacote 500g R$ 14,29 Macarrão Grano Duro Di Martino Linguine importado 500g R$ 3,89 Macarrão ADRIA com Ovos Nhoque 500g R$ 11,29 Macarrão de Sêmola de Trigo Grano Duro Integral Fusilli Renata Superiore Pacote 500g R$ 8,49 Macarrão Massa Tipo Caseira QUALITÁ Pappardelle 400g R$ 3,19 Macarrão com Ovos Espaguete FLOR DE LIZ Pacote 500g R$ 4,29 Macarrão de Sêmola Parafuso Basilar Pacote 400g R$ 14,99 Barilla Farfalle Grano Duro 500g R$ 4,29 Macarrão Semolado Fininho Basilar Pacote 400g R$ 4,19 Massa Padre Nosso Ovos 20x500 g Camil R$ 9,19 Macarrão Adria Grano Duro Penne 500g R$ 3,89 Macarrão ADRIA com Ovos Conchinha Adria 500g R$ 5,29 Macarrão de Sêmola com Ovos Penne Renata Pacote 500g R$ 5,59 Macarrão com Ovos Pai Nosso Barilla Pacote 500g R$ 4,09 Macarrão Semolado Padre Nosso Basilar Pacote 400g R$ 9,49 Macarrão Grano Duro Fettuccine PETYBON Pacote 500g R$ 14,29 Macarrão Gran",,5.59,,,,unknown,
Especiais,"Especiais Ofertas Meu Desconto Minha Lista Qualitá Rótulos Clube Extra Cartões Extra Feira Extra Hora do Churras Folheteria Digital Eletro Categorias Alimentos Bebidas Limpeza Descartáveis Bebê e Criança Perfumaria PetShop Bazar Caras do Brasil Categorias Categorias Categorias Para aumentar ou reduzir a fonte, utilize os atalhos nativos do seu navegador: No windows CTRL + (para aumentar) e CTRL - (para diminuir) No macOS CMD + (para aumentar) e CMD - (para diminuir) Seguros Extra Cartões Extra Nossas Lojas Como Comprar 0 Digite o que você quer encontrar BUSCAR Entrar 0 Ver todas categorias 💳 Ofertas Cartão Extra 📲 Clube Extra 📝 Minha Lista 🤩 Meus Favoritos ⭐ Ofertas do dia Home Alimentos Básico da Despensa Leites Leite Integral Leite UHT Integral Qualitá Caixa com Tampa 1l Cód.: 6035723 R$ 4,29 R$ 5,19 -17% Comprar +10% de desconto pagando com o Cartão Extra Faça sua primeira compra online com cupom NOVA20 Para compras acima de R$149,00 Copiar Cupom Calcular o frete e prazo: OK Leite UHT Integral Qualitá Caixa com Tampa 1l R$ 4,29 Comprar Veja também R$ 8,99 Leite Longa Vida Integral LEITÍSSIMO 1 Litro R$ 4,79 -14% R$ 5,59 Leite Longa Vida Integral PARMALAT 1 Litro R$ 4,89 -18% R$ 5,99 Leite UHT Integral Parmalat Garrafa 1 Litro R$ 4,99 -13% R$ 5,79 Leite UHT Integral Paulista Caixa com Tampa 1l R$ 4,49 -15% R$ 5,29 Leite UHT Integral Jussara Caixa com Tampa 1l R$ 4,99 -12% R$ 5,69 Leite UHT Integral Piracanjuba Caixa com tampa 1L R$ 4,69 -11% R$ 5,29 Leite UHT Integral Qualitá Garrafa 1l R$ 10,99 Leite UHT Integral Orgânico Timbaúba Caixa com Tampa 1l R$ 4,69 -12% R$ 5,39 Leite Longa Vida Integral DÁLIA 1 Litro R$ 4,69 -12% R$ 5,39 Leite Integral JUSSARA Garrafa 1 Litro R$ 4,29 -17% R$ 5,19 Leite UHT Integral Qualitá Caixa com Tampa 1l R$ 4,69 -14% R$ 5,49 Leite Longa Vida Integral ITALAC 1 Litro R$ 6,49 -4% R$ 6,79 Leite NINHO Integral 1L R$ 4,89 -16% R$ 5,89 Leite UHT Integral DÁLIA 1 Litro R$ 8,99 Leite Longa Vida Integral LEITÍSSIMO 1 Litro R$ 4,79 -14% R$ 5,59",,4.29,,,,unknown,
Especiais,"Especiais Ofertas Meu Desconto Minha Lista Qualitá Rótulos Clube Extra Cartões Extra Feira Extra Hora do Churras Folheteria Digital Eletro Categorias Alimentos Bebidas Limpeza Descartáveis Bebê e Criança Perfumaria PetShop Bazar Caras do Brasil Categorias Categorias Categorias Para aumentar ou reduzir a fonte, utilize os atalhos nativos do seu navegador: No windows CTRL + (para aumentar) e CTRL - (para diminuir) No macOS CMD + (para aumentar) e CMD - (para diminuir) Seguros Extra Cartões Extra Nossas Lojas Como Comprar 0 Digite o que você quer encontrar BUSCAR Entrar 0 Ver todas categorias 💳 Ofertas Cartão Extra 📲 Clube Extra 📝 Minha Lista 🤩 Meus Favoritos ⭐ Ofertas do dia Home Alimentos Básico da Despensa Leites Leite Integral Leite Longa Vida Integral ITALAC 1 Litro Cód.: 4426370 R$ 4,69 R$ 5,49 -14% Comprar Faça sua primeira compra online com cupom NOVA20 Para compras acima de R$149,00 Copiar Cupom Calcular o frete e prazo: OK Leite Longa Vida Integral ITALAC 1 Litro R$ 4,69 Comprar Veja também R$ 8,99 Leite Longa Vida Integral LEITÍSSIMO 1 Litro R$ 4,79 -14% R$ 5,59 Leite Longa Vida Integral PARMALAT 1 Litro R$ 4,89 -18% R$ 5,99 Leite UHT Integral Parmalat Garrafa 1 Litro R$ 4,99 -13% R$ 5,79 Leite UHT Integral Paulista Caixa com Tampa 1l R$ 4,49 -15% R$ 5,29 Leite UHT Integral Jussara Caixa com Tampa 1l R$ 4,99 -12% R$ 5,69 Leite UHT Integral Piracanjuba Caixa com tampa 1L R$ 4,69 -11% R$ 5,29 Leite UHT Integral Qualitá Garrafa 1l R$ 10,99 Leite UHT Integral Orgânico Timbaúba Caixa com Tampa 1l R$ 4,69 -12% R$ 5,39 Leite Longa Vida Integral DÁLIA 1 Litro R$ 4,69 -12% R$ 5,39 Leite Integral JUSSARA Garrafa 1 Litro R$ 4,29 -17% R$ 5,19 Leite UHT Integral Qualitá Caixa com Tampa 1l R$ 4,69 -14% R$ 5,49 Leite Longa Vida Integral ITALAC 1 Litro R$ 6,49 -4% R$ 6,79 Leite NINHO Integral 1L R$ 4,89 -16% R$ 5,89 Leite UHT Integral DÁLIA 1 Litro R$ 8,99 Leite Longa Vida Integral LEITÍSSIMO 1 Litro R$ 4,79 -14% R$ 5,59 Leite Longa Vida Integral PARMALAT 1 Litro R$ 4,89 -1",,4.69,,,,unknown,
"Este sitio web utiliza cookies propias para optimizar la experiencia de nuestros clientes, analizar estadísticas de navegación del sitio y de terceros para brindar contenidos personalizados de acuerdo","Este sitio web utiliza cookies propias para optimizar la experiencia de nuestros clientes, analizar estadísticas de navegación del sitio y de terceros para brindar contenidos personalizados de acuerdo con sus preferencias. Al dar click en [Aceptar], autoriza el uso de cookies durante su navegación. Para más información, consulte nuestra Política de Cookies en el Aviso de Privacidad . Aceptar Supermercado Despensa Granos y semillas Arroz Super Extra Chedraui 900g Chedraui Cargando comentarios… Arroz Super Extra Chedraui 900g Arroz Super Extra Chedraui 900g Referencia : 3250655 Información Este cereal es el alimento básico más importante para una gran parte de la población de todo el mundo, principalmente por el alto valor energético que aporta. Las imágenes del producto son únicamente de referencia, el diseños de etiquetas y el contenido (ml, L, Kg, g, piezas, etc) pueden cambiar y/o variar sin previo aviso. Mostrar más Comparte Vendido y entregado por: Chedraui Descripción Especificaciones El arroz es considerado un alimento básico en México por su alta aportación en nutrientes, que se ocupa para acompañar diversos platillos. Productos relacionados Arroz Chedraui Grano Grueso 900g Chedraui $0.00 1 pieza de 900g Combo Cantidad Máxima Equivale a ≈1 pza 3x2 Arroz Super Extra Cazerola Bolsa 907g Super Extra $0.00 907g Combo Cantidad Máxima Equivale a ≈1 pza 3x2 Arroz Schettino Extra 900g Schettino $0.00 1 pz de 900g Combo Cantidad Máxima Equivale a ≈1 pza 3x2 Arroz Super Extra Soberano de Morelos 900g Otras Marcas $0.00 Combo Cantidad Máxima Equivale a ≈1 pza 3x2 Arroz Verde Valle Super Extra 900g Verde Valle $0.00 1 pieza de 900g Combo Cantidad Máxima Equivale a ≈1 pza 3x2 Arroz SOS Super Extra Rojo 900g SOS $0.00 1 pieza de 900g Combo Cantidad Máxima Equivale a ≈1 pza 3x2 Arroz Super Extra Calidad Bueno Premium 900g Calidad Bueno $0.00 1 pieza de 900g Combo Cantidad Máxima Equivale a ≈1 pza 3x2 Arroz Italriso Súper Extra 800g Italriso $0.00 1 pieza de 800g Combo Canti",,000,,,,unknown,
¡Nueva tarjeta de crédito HEB Afirme!,"¡Nueva tarjeta de crédito HEB Afirme! Consigue la tuya aquí Elige método de entrega Buscar productos Mis listas Mis pedidos Iniciar sesión $0 Pasillos Promociones exclusivas con Nuevos Productos Vive Saludable Mascotas Exclusivos en línea Live Promociones Arroz Frijol y Semillas Arroz Verde Valle Arroz Súper Extra 900 g Verde Valle Arroz Súper Extra 900 g ☆ ☆ ☆ ☆ ☆ (0) Por favor, inicia sesión para escribir un comentario. VERDE VALLE Referencia : 252246 $38.90 . ＋ － Agregar Promociones bancarias Obtén un 5% de cashback en todas tus compras en heb.com.mx y nuestra app con la tarjeta de crédito HEB Afirme . Solicítala aquí Métodos de entrega Pick&Go Delivery Compartir Descripción Características Reseñas Descripción Emocional Arroz súper extra Verde Valle, es un arroz de la variedad grano largo y siendo ideal para todo tipo de platillos, es el más común en México y su calidad es “SUPER EXTRA” ya que contiene más del 95% de granos enteros. Tipo de producto Arroz Marca Verde Valle Denominación/Variedad Súper extra Contenido neto 900 g Presentación Bolsa País de origen México Modo de preparación Si desea, antes de cocer el arroz puede freirlo pero no es necesario, para que no se pegue o apelmace basta con seguir las siguientes instrucciones: 1.- Enjuague el arroz con agua limpia y escúchalo. 2.- Ponga en una cacerola 2 1/2 tazas de agua o caldo de pollo, 2 cucharadas de aceite o mantequilla y sal o consomé al gusto. Espera a que hierva. 3.- Cuando el agua hierva agregue 1 taza de arroz (previamente enjuagado), tape y deje a fuego lento por aproximadamente 25 minutos o hasta que se consuma el líquido Advertencias de almacenamiento Manténgase en un lugar seco y fresco. Una vez abierto mantenga el envase cerrado Ingredientes Arroz súper extra. Puede contener gluten (trigo) soya Alérgenos declarados Gluten, Trigo, Soya Tamaño del grano Grano largo Listo para consumir No Energía por 100 g 124.7 Kcal Proteínas totales por 100 g 2.7 g Grasas totales por 100 g 0.3 g Carbohidratos",,0,,,,unknown,
Especiais,"Especiais Ofertas Meu Desconto Minha Lista Qualitá Rótulos Clube Extra Cartões Extra Feira Extra Hora do Churras Folheteria Digital Eletro Categorias Alimentos Bebidas Limpeza Descartáveis Bebê e Criança Perfumaria PetShop Bazar Caras do Brasil Categorias Categorias Categorias Para aumentar ou reduzir a fonte, utilize os atalhos nativos do seu navegador: No windows CTRL + (para aumentar) e CTRL - (para diminuir) No macOS CMD + (para aumentar) e CMD - (para diminuir) Seguros Extra Cartões Extra Nossas Lojas Como Comprar 0 Digite o que você quer encontrar BUSCAR Entrar 0 Ver todas categorias 💳 Ofertas Cartão Extra 📲 Clube Extra 📝 Minha Lista 🤩 Meus Favoritos ⭐ Ofertas do dia Home Alimentos Básico da Despensa Leites Leite Integral Leite UHT Integral Jussara Caixa com Tampa 1l Cód.: 1240183 R$ 4,49 R$ 5,29 -15% Comprar Faça sua primeira compra online com cupom NOVA20 Para compras acima de R$149,00 Copiar Cupom Calcular o frete e prazo: OK Leite UHT Integral Jussara Caixa com Tampa 1l R$ 4,49 Comprar Veja também R$ 8,99 Leite Longa Vida Integral LEITÍSSIMO 1 Litro R$ 4,79 -14% R$ 5,59 Leite Longa Vida Integral PARMALAT 1 Litro R$ 4,89 -18% R$ 5,99 Leite UHT Integral Parmalat Garrafa 1 Litro R$ 4,99 -13% R$ 5,79 Leite UHT Integral Paulista Caixa com Tampa 1l R$ 4,49 -15% R$ 5,29 Leite UHT Integral Jussara Caixa com Tampa 1l R$ 4,99 -12% R$ 5,69 Leite UHT Integral Piracanjuba Caixa com tampa 1L R$ 4,69 -11% R$ 5,29 Leite UHT Integral Qualitá Garrafa 1l R$ 10,99 Leite UHT Integral Orgânico Timbaúba Caixa com Tampa 1l R$ 4,69 -12% R$ 5,39 Leite Longa Vida Integral DÁLIA 1 Litro R$ 4,69 -12% R$ 5,39 Leite Integral JUSSARA Garrafa 1 Litro R$ 4,29 -17% R$ 5,19 Leite UHT Integral Qualitá Caixa com Tampa 1l R$ 4,69 -14% R$ 5,49 Leite Longa Vida Integral ITALAC 1 Litro R$ 6,49 -4% R$ 6,79 Leite NINHO Integral 1L R$ 4,89 -16% R$ 5,89 Leite UHT Integral DÁLIA 1 Litro R$ 8,99 Leite Longa Vida Integral LEITÍSSIMO 1 Litro R$ 4,79 -14% R$ 5,59 Leite Longa Vida Integral PARMALAT 1 Litro ",,4.49,,,,unknown,
Especiais,"Especiais Ofertas Meu Desconto Minha Lista Qualitá Rótulos Clube Extra Cartões Extra Feira Extra Hora do Churras Folheteria Digital Eletro Categorias Alimentos Bebidas Limpeza Descartáveis Bebê e Criança Perfumaria PetShop Bazar Caras do Brasil Categorias Categorias Categorias Para aumentar ou reduzir a fonte, utilize os atalhos nativos do seu navegador: No windows CTRL + (para aumentar) e CTRL - (para diminuir) No macOS CMD + (para aumentar) e CMD - (para diminuir) Seguros Extra Cartões Extra Nossas Lojas Como Comprar 0 Digite o que você quer encontrar BUSCAR Entrar 0 Ver todas categorias 💳 Ofertas Cartão Extra 📲 Clube Extra 📝 Minha Lista 🤩 Meus Favoritos ⭐ Ofertas do dia Home Alimentos Básico da Despensa Leites Leite Integral +4 Leite UHT Integral Piracanjuba Caixa com tampa 1L Cód.: 5089116 R$ 4,99 R$ 5,69 -12% Comprar Faça sua primeira compra online com cupom NOVA20 Para compras acima de R$149,00 Copiar Cupom Calcular o frete e prazo: OK Leite UHT Integral Piracanjuba Caixa com tampa 1L R$ 4,99 Comprar Veja também R$ 8,99 Leite Longa Vida Integral LEITÍSSIMO 1 Litro R$ 4,79 -14% R$ 5,59 Leite Longa Vida Integral PARMALAT 1 Litro R$ 4,89 -18% R$ 5,99 Leite UHT Integral Parmalat Garrafa 1 Litro R$ 4,99 -13% R$ 5,79 Leite UHT Integral Paulista Caixa com Tampa 1l R$ 4,49 -15% R$ 5,29 Leite UHT Integral Jussara Caixa com Tampa 1l R$ 4,99 -12% R$ 5,69 Leite UHT Integral Piracanjuba Caixa com tampa 1L R$ 4,69 -11% R$ 5,29 Leite UHT Integral Qualitá Garrafa 1l R$ 10,99 Leite UHT Integral Orgânico Timbaúba Caixa com Tampa 1l R$ 4,69 -12% R$ 5,39 Leite Longa Vida Integral DÁLIA 1 Litro R$ 4,69 -12% R$ 5,39 Leite Integral JUSSARA Garrafa 1 Litro R$ 4,29 -17% R$ 5,19 Leite UHT Integral Qualitá Caixa com Tampa 1l R$ 4,69 -14% R$ 5,49 Leite Longa Vida Integral ITALAC 1 Litro R$ 6,49 -4% R$ 6,79 Leite NINHO Integral 1L R$ 4,89 -16% R$ 5,89 Leite UHT Integral DÁLIA 1 Litro R$ 8,99 Leite Longa Vida Integral LEITÍSSIMO 1 Litro R$ 4,79 -14% R$ 5,59 Leite Longa Vida Integral PARMAL",,4.99,,,,unknown,
Especiais,"Especiais Ofertas Meu Desconto Minha Lista Qualitá Rótulos Clube Extra Cartões Extra Feira Extra Hora do Churras Folheteria Digital Eletro Categorias Alimentos Bebidas Limpeza Descartáveis Bebê e Criança Perfumaria PetShop Bazar Caras do Brasil Categorias Categorias Categorias Para aumentar ou reduzir a fonte, utilize os atalhos nativos do seu navegador: No windows CTRL + (para aumentar) e CTRL - (para diminuir) No macOS CMD + (para aumentar) e CMD - (para diminuir) Seguros Extra Cartões Extra Nossas Lojas Como Comprar 0 Digite o que você quer encontrar BUSCAR Entrar 0 Ver todas categorias 💳 Ofertas Cartão Extra 📲 Clube Extra 📝 Minha Lista 🤩 Meus Favoritos ⭐ Ofertas do dia Home Alimentos Básico da Despensa Leites Leite Integral Leite Longa Vida Integral DÁLIA 1 Litro Cód.: 6017309 R$ 4,69 R$ 5,39 -12% Comprar Faça sua primeira compra online com cupom NOVA20 Para compras acima de R$149,00 Copiar Cupom Calcular o frete e prazo: OK Leite Longa Vida Integral DÁLIA 1 Litro R$ 4,69 Comprar Veja também R$ 8,99 Leite Longa Vida Integral LEITÍSSIMO 1 Litro R$ 4,79 -14% R$ 5,59 Leite Longa Vida Integral PARMALAT 1 Litro R$ 4,89 -18% R$ 5,99 Leite UHT Integral Parmalat Garrafa 1 Litro R$ 4,99 -13% R$ 5,79 Leite UHT Integral Paulista Caixa com Tampa 1l R$ 4,49 -15% R$ 5,29 Leite UHT Integral Jussara Caixa com Tampa 1l R$ 4,99 -12% R$ 5,69 Leite UHT Integral Piracanjuba Caixa com tampa 1L R$ 4,69 -11% R$ 5,29 Leite UHT Integral Qualitá Garrafa 1l R$ 10,99 Leite UHT Integral Orgânico Timbaúba Caixa com Tampa 1l R$ 4,69 -12% R$ 5,39 Leite Longa Vida Integral DÁLIA 1 Litro R$ 4,69 -12% R$ 5,39 Leite Integral JUSSARA Garrafa 1 Litro R$ 4,29 -17% R$ 5,19 Leite UHT Integral Qualitá Caixa com Tampa 1l R$ 4,69 -14% R$ 5,49 Leite Longa Vida Integral ITALAC 1 Litro R$ 6,49 -4% R$ 6,79 Leite NINHO Integral 1L R$ 4,89 -16% R$ 5,89 Leite UHT Integral DÁLIA 1 Litro R$ 8,99 Leite Longa Vida Integral LEITÍSSIMO 1 Litro R$ 4,79 -14% R$ 5,59 Leite Longa Vida Integral PARMALAT 1 Litro R$ 4,89 -18%",,4.69,,,,unknown,
Especiais,"Especiais Ofertas Meu Desconto Minha Lista Qualitá Rótulos Clube Extra Cartões Extra Feira Extra Hora do Churras Folheteria Digital Eletro Categorias Alimentos Bebidas Limpeza Descartáveis Bebê e Criança Perfumaria PetShop Bazar Caras do Brasil Categorias Categorias Categorias Para aumentar ou reduzir a fonte, utilize os atalhos nativos do seu navegador: No windows CTRL + (para aumentar) e CTRL - (para diminuir) No macOS CMD + (para aumentar) e CMD - (para diminuir) Seguros Extra Cartões Extra Nossas Lojas Como Comprar 0 Digite o que você quer encontrar BUSCAR Entrar 0 Ver todas categorias 💳 Ofertas Cartão Extra 📲 Clube Extra 📝 Minha Lista 🤩 Meus Favoritos ⭐ Ofertas do dia Home Bebidas Cervejas Cervejas Premium Cerveja Premium Nacional Cerveja Pilsen Antarctica Original Lata 269ml Cód.: 1257181 R$ 3,49 R$ 3,89 -10% Comprar Faça sua primeira compra online com cupom NOVA20 Para compras acima de R$149,00 Copiar Cupom Calcular o frete e prazo: OK Cerveja Pilsen Antarctica Original Lata 269ml R$ 3,49 Comprar Veja também R$ 3,39 Cerveja Puro Malte Petra Origem Lata 350ml R$ 5,59 -6% R$ 5,99 Cerveja Heineken Zero Lata Sleek 350ml R$ 4,79 Cerveja Heineken Zero Lata 269ml R$ 3,19 -8% R$ 3,49 Cerveja Pilsen Budweiser Lata 269ml R$ 4,99 Cerveja Lager Puro Malte sem Glúten Amstel Ultra Garrafa 275ml R$ 3,19 Cerveja Pilsen Puro Malte Eisenbahn Lata 269ml R$ 6,49 Cerveja German Lager Puro Malte Becks Garrafa 330ml R$ 3,79 Cerveja Pilsen Puro Malte Império Lata 350ml R$ 6,79 Cerveja Puro Malte Pure Gold Stella Artois Garrafa 330ml R$ 3,99 Cerveja Stella Artois Puro Malte 269ml Lata R$ 4,89 Cerveja Pilsen Antarctica Original Lata 350ml R$ 4,99 Cerveja Lager Puro Malte Amstel Garrafa 355ml R$ 3,99 -25% R$ 5,39 Cerveja Pilsen Puro Malte Eisenbahn Garrafa 355ml R$ 5,29 -5% R$ 5,59 Cerveja Lager Heineken Garrafa 250ml R$ 7,59 Cerveja Praya Lager 355ml R$ 3,39 Cerveja Puro Malte Petra Origem Lata 350ml R$ 5,59 -6% R$ 5,99 Cerveja Heineken Zero Lata Sleek 350ml R$ 4,79 Cerveja Heineken Z",,3.49,,,,unknown,
Especiais,"Especiais Ofertas Meu Desconto Minha Lista Qualitá Rótulos Clube Extra Cartões Extra Feira Extra Hora do Churras Folheteria Digital Eletro Categorias Alimentos Bebidas Limpeza Descartáveis Bebê e Criança Perfumaria PetShop Bazar Caras do Brasil Categorias Categorias Categorias Para aumentar ou reduzir a fonte, utilize os atalhos nativos do seu navegador: No windows CTRL + (para aumentar) e CTRL - (para diminuir) No macOS CMD + (para aumentar) e CMD - (para diminuir) Seguros Extra Cartões Extra Nossas Lojas Como Comprar 0 Digite o que você quer encontrar BUSCAR Entrar 0 Ver todas categorias 💳 Ofertas Cartão Extra 📲 Clube Extra 📝 Minha Lista 🤩 Meus Favoritos ⭐ Ofertas do dia Home Bebidas Cervejas Cervejas Premium Cerveja Premium Nacional Cerveja Heineken Lata Sleek 350ml Cód.: 1376389 R$ 5,59 R$ 5,99 -6% Comprar Faça sua primeira compra online com cupom NOVA20 Para compras acima de R$149,00 Copiar Cupom Calcular o frete e prazo: OK Cerveja Heineken Lata Sleek 350ml R$ 5,59 Comprar Veja também R$ 3,39 Cerveja Puro Malte Petra Origem Lata 350ml R$ 5,59 -6% R$ 5,99 Cerveja Heineken Zero Lata Sleek 350ml R$ 4,79 Cerveja Heineken Zero Lata 269ml R$ 3,19 -8% R$ 3,49 Cerveja Pilsen Budweiser Lata 269ml R$ 4,99 Cerveja Lager Puro Malte sem Glúten Amstel Ultra Garrafa 275ml R$ 3,19 Cerveja Pilsen Puro Malte Eisenbahn Lata 269ml R$ 6,49 Cerveja German Lager Puro Malte Becks Garrafa 330ml R$ 3,79 Cerveja Pilsen Puro Malte Império Lata 350ml R$ 6,79 Cerveja Puro Malte Pure Gold Stella Artois Garrafa 330ml R$ 3,99 Cerveja Stella Artois Puro Malte 269ml Lata R$ 4,89 Cerveja Pilsen Antarctica Original Lata 350ml R$ 4,99 Cerveja Lager Puro Malte Amstel Garrafa 355ml R$ 3,99 -25% R$ 5,39 Cerveja Pilsen Puro Malte Eisenbahn Garrafa 355ml R$ 5,29 -5% R$ 5,59 Cerveja Lager Heineken Garrafa 250ml R$ 7,59 Cerveja Praya Lager 355ml R$ 3,39 Cerveja Puro Malte Petra Origem Lata 350ml R$ 5,59 -6% R$ 5,99 Cerveja Heineken Zero Lata Sleek 350ml R$ 4,79 Cerveja Heineken Zero Lata 269ml R$ 3,19 -8",,5.59,,,,unknown,
Especiais,"Especiais Ofertas Meu Desconto Minha Lista Qualitá Rótulos Clube Extra Cartões Extra Feira Extra Hora do Churras Folheteria Digital Eletro Categorias Alimentos Bebidas Limpeza Descartáveis Bebê e Criança Perfumaria PetShop Bazar Caras do Brasil Categorias Categorias Categorias Para aumentar ou reduzir a fonte, utilize os atalhos nativos do seu navegador: No windows CTRL + (para aumentar) e CTRL - (para diminuir) No macOS CMD + (para aumentar) e CMD - (para diminuir) Seguros Extra Cartões Extra Nossas Lojas Como Comprar 0 Digite o que você quer encontrar BUSCAR Entrar 0 Ver todas categorias 💳 Ofertas Cartão Extra 📲 Clube Extra 📝 Minha Lista 🤩 Meus Favoritos ⭐ Ofertas do dia Home Bebidas Cervejas Cervejas Premium Cerveja Premium Nacional Cerveja Pilsen Corona Garrafa 330ml Cód.: 1208502 R$ 6,79 R$ 7,49 -9% Comprar Faça sua primeira compra online com cupom NOVA20 Para compras acima de R$149,00 Copiar Cupom Calcular o frete e prazo: OK Cerveja Pilsen Corona Garrafa 330ml R$ 6,79 Comprar Veja também R$ 3,39 Cerveja Puro Malte Petra Origem Lata 350ml R$ 5,59 -6% R$ 5,99 Cerveja Heineken Zero Lata Sleek 350ml R$ 4,79 Cerveja Heineken Zero Lata 269ml R$ 3,19 -8% R$ 3,49 Cerveja Pilsen Budweiser Lata 269ml R$ 4,99 Cerveja Lager Puro Malte sem Glúten Amstel Ultra Garrafa 275ml R$ 3,19 Cerveja Pilsen Puro Malte Eisenbahn Lata 269ml R$ 6,49 Cerveja German Lager Puro Malte Becks Garrafa 330ml R$ 3,79 Cerveja Pilsen Puro Malte Império Lata 350ml R$ 6,79 Cerveja Puro Malte Pure Gold Stella Artois Garrafa 330ml R$ 3,99 Cerveja Stella Artois Puro Malte 269ml Lata R$ 4,89 Cerveja Pilsen Antarctica Original Lata 350ml R$ 4,99 Cerveja Lager Puro Malte Amstel Garrafa 355ml R$ 3,99 -25% R$ 5,39 Cerveja Pilsen Puro Malte Eisenbahn Garrafa 355ml R$ 5,29 -5% R$ 5,59 Cerveja Lager Heineken Garrafa 250ml R$ 7,59 Cerveja Praya Lager 355ml R$ 3,39 Cerveja Puro Malte Petra Origem Lata 350ml R$ 5,59 -6% R$ 5,99 Cerveja Heineken Zero Lata Sleek 350ml R$ 4,79 Cerveja Heineken Zero Lata 269ml R$ 3,1",,6.79,,,,unknown,
Especiais,"Especiais Ofertas Meu Desconto Minha Lista Qualitá Rótulos Clube Extra Cartões Extra Feira Extra Hora do Churras Folheteria Digital Eletro Categorias Alimentos Bebidas Limpeza Descartáveis Bebê e Criança Perfumaria PetShop Bazar Caras do Brasil Categorias Categorias Categorias Para aumentar ou reduzir a fonte, utilize os atalhos nativos do seu navegador: No windows CTRL + (para aumentar) e CTRL - (para diminuir) No macOS CMD + (para aumentar) e CMD - (para diminuir) Seguros Extra Cartões Extra Nossas Lojas Como Comprar 0 Digite o que você quer encontrar BUSCAR Entrar 0 Ver todas categorias 💳 Ofertas Cartão Extra 📲 Clube Extra 📝 Minha Lista 🤩 Meus Favoritos ⭐ Ofertas do dia Home Bebidas Cervejas Cervejas Premium Cerveja Premium Nacional Cerveja Lager Puro Malte Amstel Lata 350ml Cód.: 1376527 R$ 3,79 R$ 4,90 -22% Comprar Faça sua primeira compra online com cupom NOVA20 Para compras acima de R$149,00 Copiar Cupom Calcular o frete e prazo: OK Cerveja Lager Puro Malte Amstel Lata 350ml R$ 3,79 Comprar Veja também R$ 3,39 Cerveja Puro Malte Petra Origem Lata 350ml R$ 5,59 -6% R$ 5,99 Cerveja Heineken Zero Lata Sleek 350ml R$ 4,79 Cerveja Heineken Zero Lata 269ml R$ 3,19 -8% R$ 3,49 Cerveja Pilsen Budweiser Lata 269ml R$ 4,99 Cerveja Lager Puro Malte sem Glúten Amstel Ultra Garrafa 275ml R$ 3,19 Cerveja Pilsen Puro Malte Eisenbahn Lata 269ml R$ 6,49 Cerveja German Lager Puro Malte Becks Garrafa 330ml R$ 3,79 Cerveja Pilsen Puro Malte Império Lata 350ml R$ 6,79 Cerveja Puro Malte Pure Gold Stella Artois Garrafa 330ml R$ 3,99 Cerveja Stella Artois Puro Malte 269ml Lata R$ 4,89 Cerveja Pilsen Antarctica Original Lata 350ml R$ 4,99 Cerveja Lager Puro Malte Amstel Garrafa 355ml R$ 3,99 -25% R$ 5,39 Cerveja Pilsen Puro Malte Eisenbahn Garrafa 355ml R$ 5,29 -5% R$ 5,59 Cerveja Lager Heineken Garrafa 250ml R$ 7,59 Cerveja Praya Lager 355ml R$ 3,39 Cerveja Puro Malte Petra Origem Lata 350ml R$ 5,59 -6% R$ 5,99 Cerveja Heineken Zero Lata Sleek 350ml R$ 4,79 Cerveja Heineken Zero La",,3.79,,,,unknown,
Especiais,"Especiais Ofertas Meu Desconto Minha Lista Qualitá Rótulos Clube Extra Cartões Extra Feira Extra Hora do Churras Folheteria Digital Eletro Categorias Alimentos Bebidas Limpeza Descartáveis Bebê e Criança Perfumaria PetShop Bazar Caras do Brasil Categorias Categorias Categorias Para aumentar ou reduzir a fonte, utilize os atalhos nativos do seu navegador: No windows CTRL + (para aumentar) e CTRL - (para diminuir) No macOS CMD + (para aumentar) e CMD - (para diminuir) Seguros Extra Cartões Extra Nossas Lojas Como Comprar 0 Digite o que você quer encontrar BUSCAR Entrar 0 Ver todas categorias 💳 Ofertas Cartão Extra 📲 Clube Extra 📝 Minha Lista 🤩 Meus Favoritos ⭐ Ofertas do dia Home Bebidas Cervejas Cervejas Premium Cerveja Premium Nacional Cerveja Pilsen Budweiser Lata 269ml Cód.: 1079027 R$ 3,19 R$ 3,49 -8% Comprar Faça sua primeira compra online com cupom NOVA20 Para compras acima de R$149,00 Copiar Cupom Calcular o frete e prazo: OK Cerveja Pilsen Budweiser Lata 269ml R$ 3,19 Comprar Veja também R$ 3,39 Cerveja Puro Malte Petra Origem Lata 350ml R$ 5,59 -6% R$ 5,99 Cerveja Heineken Zero Lata Sleek 350ml R$ 4,79 Cerveja Heineken Zero Lata 269ml R$ 3,19 -8% R$ 3,49 Cerveja Pilsen Budweiser Lata 269ml R$ 4,99 Cerveja Lager Puro Malte sem Glúten Amstel Ultra Garrafa 275ml R$ 3,19 Cerveja Pilsen Puro Malte Eisenbahn Lata 269ml R$ 6,49 Cerveja German Lager Puro Malte Becks Garrafa 330ml R$ 3,79 Cerveja Pilsen Puro Malte Império Lata 350ml R$ 6,79 Cerveja Puro Malte Pure Gold Stella Artois Garrafa 330ml R$ 3,99 Cerveja Stella Artois Puro Malte 269ml Lata R$ 4,89 Cerveja Pilsen Antarctica Original Lata 350ml R$ 4,99 Cerveja Lager Puro Malte Amstel Garrafa 355ml R$ 3,99 -25% R$ 5,39 Cerveja Pilsen Puro Malte Eisenbahn Garrafa 355ml R$ 5,29 -5% R$ 5,59 Cerveja Lager Heineken Garrafa 250ml R$ 7,59 Cerveja Praya Lager 355ml R$ 3,39 Cerveja Puro Malte Petra Origem Lata 350ml R$ 5,59 -6% R$ 5,99 Cerveja Heineken Zero Lata Sleek 350ml R$ 4,79 Cerveja Heineken Zero Lata 269ml R$ 3,1",,3.19,,,,unknown,
Especiais,"Especiais Ofertas Meu Desconto Minha Lista Qualitá Rótulos Clube Extra Cartões Extra Feira Extra Hora do Churras Folheteria Digital Eletro Categorias Alimentos Bebidas Limpeza Descartáveis Bebê e Criança Perfumaria PetShop Bazar Caras do Brasil Categorias Categorias Categorias Para aumentar ou reduzir a fonte, utilize os atalhos nativos do seu navegador: No windows CTRL + (para aumentar) e CTRL - (para diminuir) No macOS CMD + (para aumentar) e CMD - (para diminuir) Seguros Extra Cartões Extra Nossas Lojas Como Comprar 0 Digite o que você quer encontrar BUSCAR Entrar 0 Ver todas categorias 💳 Ofertas Cartão Extra 📲 Clube Extra 📝 Minha Lista 🤩 Meus Favoritos ⭐ Ofertas do dia Home Alimentos Açougue Carnes Carne Aves Filé de Peito de Frango Congelado sem Pele sem Osso Sadia 1kg Cód.: 1799316 R$ 28,90 Preço por 1kg - R$ 28,90 Comprar Faça sua primeira compra online com cupom NOVA20 Para compras acima de R$149,00 Copiar Cupom Calcular o frete e prazo: OK Filé de Peito de Frango Congelado sem Pele sem Osso Sadia 1kg R$ 28,90 Comprar Veja também R$ 33,80 Peito de Frango com Osso Congelado 2Kg Peso variável R$ 48,75 Frango Inteiro Caipira Swift 2,5Kg Peso variável R$ 46,90 Coxa e Sobrecoxa de Pato Swift 480g R$ 26,70 Galinha Inteira SWIFT 3kg Peso variável R$ 17,85 -29% R$ 25,19 Drumett (Coxa da Asa) de Frango Congelado 1,5kg Peso variável R$ 39,84 Frango Desossado Resfriado 1,6Kg Peso variável R$ 33,80 Asa de Frango Congelada Bandeja 2kg Peso variável R$ 31,50 Coração de Frango Congelado Temperado Molho Shoyu Perdigão na Brasa 800g R$ 11,34 Asa De Frango Resfriada 600g Peso variável R$ 18,90 Frango a Passarinho Congelado SADIA 1kg R$ 20,25 Galeto Congelado 900g Peso variável R$ 19,90 Coxa e Sobrecoxa de Frango Congelada sem Osso Sadia 1kg R$ 21,90 Coxinha Da Asa SWIFT Do Campo 1Kg R$ 19,29 Coxa Fgo Temp Facil Sadia 800g R$ 30,50 Filé Frango Aperitivo Bacon Swift 350G R$ 33,80 Peito de Frango com Osso Congelado 2Kg Peso variável R$ 48,75 Frango Inteiro Caipira Swift 2,5Kg Pe",,28.90,,,,unknown,
Especiais,"Especiais Ofertas Meu Desconto Minha Lista Qualitá Rótulos Clube Extra Cartões Extra Feira Extra Hora do Churras Folheteria Digital Eletro Categorias Alimentos Bebidas Limpeza Descartáveis Bebê e Criança Perfumaria PetShop Bazar Caras do Brasil Categorias Categorias Categorias Para aumentar ou reduzir a fonte, utilize os atalhos nativos do seu navegador: No windows CTRL + (para aumentar) e CTRL - (para diminuir) No macOS CMD + (para aumentar) e CMD - (para diminuir) Seguros Extra Cartões Extra Nossas Lojas Como Comprar 0 Digite o que você quer encontrar BUSCAR Entrar 0 Ver todas categorias 💳 Ofertas Cartão Extra 📲 Clube Extra 📝 Minha Lista 🤩 Meus Favoritos ⭐ Ofertas do dia Home Alimentos Açougue Carnes Carne Aves Filezinho de Frango Sassami Seara IQF 1kg Cód.: 4872818 R$ 27,90 Preço por 1kg - R$ 27,90 Comprar Faça sua primeira compra online com cupom NOVA20 Para compras acima de R$149,00 Copiar Cupom Calcular o frete e prazo: OK Filezinho de Frango Sassami Seara IQF 1kg R$ 27,90 Comprar Veja também R$ 33,80 Peito de Frango com Osso Congelado 2Kg Peso variável R$ 48,75 Frango Inteiro Caipira Swift 2,5Kg Peso variável R$ 46,90 Coxa e Sobrecoxa de Pato Swift 480g R$ 26,70 Galinha Inteira SWIFT 3kg Peso variável R$ 17,85 -29% R$ 25,19 Drumett (Coxa da Asa) de Frango Congelado 1,5kg Peso variável R$ 39,84 Frango Desossado Resfriado 1,6Kg Peso variável R$ 33,80 Asa de Frango Congelada Bandeja 2kg Peso variável R$ 31,50 Coração de Frango Congelado Temperado Molho Shoyu Perdigão na Brasa 800g R$ 11,34 Asa De Frango Resfriada 600g Peso variável R$ 18,90 Frango a Passarinho Congelado SADIA 1kg R$ 20,25 Galeto Congelado 900g Peso variável R$ 19,90 Coxa e Sobrecoxa de Frango Congelada sem Osso Sadia 1kg R$ 21,90 Coxinha Da Asa SWIFT Do Campo 1Kg R$ 19,29 Coxa Fgo Temp Facil Sadia 800g R$ 30,50 Filé Frango Aperitivo Bacon Swift 350G R$ 33,80 Peito de Frango com Osso Congelado 2Kg Peso variável R$ 48,75 Frango Inteiro Caipira Swift 2,5Kg Peso variável R$ 46,90 Coxa e Sobrecoxa de",,27.90,,,,unknown,
¡Nueva tarjeta de crédito HEB Afirme!,"¡Nueva tarjeta de crédito HEB Afirme! Consigue la tuya aquí Elige método de entrega Buscar productos Mis listas Mis pedidos Iniciar sesión $0 Pasillos Promociones exclusivas con Nuevos Productos Vive Saludable Mascotas Exclusivos en línea Live Promociones Arroz Frijol y Semillas Arroz HCF Arroz Súper Extra 1 kg HCF Arroz Súper Extra 1 kg ☆ ☆ ☆ ☆ ☆ (0) Por favor, inicia sesión para escribir un comentario. HCF Referencia : 434035 $28.90 . ＋ － Agregar Beneficio PRIME: -5% de descuento Este descuento especial está disponible solo para miembros PRIME. Promociones bancarias Obtén un 5% de cashback en todas tus compras en heb.com.mx y nuestra app con la tarjeta de crédito HEB Afirme . Solicítala aquí Métodos de entrega Pick&Go Delivery Compartir Descripción Características Reseñas Tipo de producto Arroz Marca Hcf Denominación/Variedad Súper extra Contenido neto 1 kg Presentación Bolsa País de origen Estados Unidos Modo de preparación Seleccionar y enjuagar el arroz antes de preparar. En una olla de 2 litros agregue 2 tazas de agua y 1 taza de arroz. Revuelva ligeramente, deje hervir y reduzca el calor, cubra y cocine aproximadamente 15 minutos Advertencias de almacenamiento Manténgase en un lugar seco y fresco. Una vez abierto mantenga el envase cerrado Ingredientes Arroz extra grano largo. Puede contener trazas de trigo, soya, nuez, cacahuate, almendra, ajonjolí o avena Alérgenos declarados Trazas de trigo, Soya, Nuez, Cacahuate, Almendra, Ajonjolí, Avena Tamaño del grano Grano largo Listo para consumir No Energía por 100 g 133 Kcal Proteínas totales por 100 g 3 g Grasas totales por 100 g 1 g Carbohidratos totales por 100 g 28 g Azúcares totales por 100 g 0 g Sodio por 100 g 1 mg Suscríbete a nuestro Newsletter y entérate de las ofertas y lanzamientos. Suscríbete a nuestro Newsletter y entérate de las ofertas y lanzamientos. Suscríbete Aviso de Privacidad | Términos y Condiciones | Politica de Devoluciones | Términos y Condiciones: Cupones y Promociones | Promociones Banc",,0,,,,unknown,
Especiais,"Especiais Ofertas Meu Desconto Minha Lista Qualitá Rótulos Clube Extra Cartões Extra Feira Extra Hora do Churras Folheteria Digital Eletro Categorias Alimentos Bebidas Limpeza Descartáveis Bebê e Criança Perfumaria PetShop Bazar Caras do Brasil Categorias Categorias Categorias Para aumentar ou reduzir a fonte, utilize os atalhos nativos do seu navegador: No windows CTRL + (para aumentar) e CTRL - (para diminuir) No macOS CMD + (para aumentar) e CMD - (para diminuir) Seguros Extra Cartões Extra Nossas Lojas Como Comprar 0 Digite o que você quer encontrar BUSCAR Entrar 0 Ver todas categorias 💳 Ofertas Cartão Extra 📲 Clube Extra 📝 Minha Lista 🤩 Meus Favoritos ⭐ Ofertas do dia Home Alimentos Açougue Carnes Carne Aves Frango Sobrecoxa Temperada Aurora Premium 800g Cód.: 1377653 R$ 21,90 Preço por 1kg - R$ 27,37 Comprar Faça sua primeira compra online com cupom NOVA20 Para compras acima de R$149,00 Copiar Cupom Calcular o frete e prazo: OK Frango Sobrecoxa Temperada Aurora Premium 800g R$ 21,90 Comprar Veja também R$ 33,80 Peito de Frango com Osso Congelado 2Kg Peso variável R$ 48,75 Frango Inteiro Caipira Swift 2,5Kg Peso variável R$ 46,90 Coxa e Sobrecoxa de Pato Swift 480g R$ 26,70 Galinha Inteira SWIFT 3kg Peso variável R$ 17,85 -29% R$ 25,19 Drumett (Coxa da Asa) de Frango Congelado 1,5kg Peso variável R$ 39,84 Frango Desossado Resfriado 1,6Kg Peso variável R$ 33,80 Asa de Frango Congelada Bandeja 2kg Peso variável R$ 31,50 Coração de Frango Congelado Temperado Molho Shoyu Perdigão na Brasa 800g R$ 11,34 Asa De Frango Resfriada 600g Peso variável R$ 18,90 Frango a Passarinho Congelado SADIA 1kg R$ 20,25 Galeto Congelado 900g Peso variável R$ 19,90 Coxa e Sobrecoxa de Frango Congelada sem Osso Sadia 1kg R$ 21,90 Coxinha Da Asa SWIFT Do Campo 1Kg R$ 19,29 Coxa Fgo Temp Facil Sadia 800g R$ 30,50 Filé Frango Aperitivo Bacon Swift 350G R$ 33,80 Peito de Frango com Osso Congelado 2Kg Peso variável R$ 48,75 Frango Inteiro Caipira Swift 2,5Kg Peso variável R$ 46,90 Coxa e So",,21.90,,,,unknown,
Especiais,"Especiais Ofertas Meu Desconto Minha Lista Qualitá Rótulos Clube Extra Cartões Extra Feira Extra Hora do Churras Folheteria Digital Eletro Categorias Alimentos Bebidas Limpeza Descartáveis Bebê e Criança Perfumaria PetShop Bazar Caras do Brasil Categorias Categorias Categorias Para aumentar ou reduzir a fonte, utilize os atalhos nativos do seu navegador: No windows CTRL + (para aumentar) e CTRL - (para diminuir) No macOS CMD + (para aumentar) e CMD - (para diminuir) Seguros Extra Cartões Extra Nossas Lojas Como Comprar 0 Digite o que você quer encontrar BUSCAR Entrar 0 Ver todas categorias 💳 Ofertas Cartão Extra 📲 Clube Extra 📝 Minha Lista 🤩 Meus Favoritos ⭐ Ofertas do dia Home Alimentos Açougue Carnes Carne Aves Coxinha da Asa de Frango Cancao Congelada Iqf 1kg Cód.: 1345640 R$ 22,90 Preço por 1kg - R$ 22,90 Comprar Faça sua primeira compra online com cupom NOVA20 Para compras acima de R$149,00 Copiar Cupom Calcular o frete e prazo: OK Coxinha da Asa de Frango Cancao Congelada Iqf 1kg R$ 22,90 Comprar Veja também R$ 33,80 Peito de Frango com Osso Congelado 2Kg Peso variável R$ 48,75 Frango Inteiro Caipira Swift 2,5Kg Peso variável R$ 46,90 Coxa e Sobrecoxa de Pato Swift 480g R$ 26,70 Galinha Inteira SWIFT 3kg Peso variável R$ 17,85 -29% R$ 25,19 Drumett (Coxa da Asa) de Frango Congelado 1,5kg Peso variável R$ 39,84 Frango Desossado Resfriado 1,6Kg Peso variável R$ 33,80 Asa de Frango Congelada Bandeja 2kg Peso variável R$ 31,50 Coração de Frango Congelado Temperado Molho Shoyu Perdigão na Brasa 800g R$ 11,34 Asa De Frango Resfriada 600g Peso variável R$ 18,90 Frango a Passarinho Congelado SADIA 1kg R$ 20,25 Galeto Congelado 900g Peso variável R$ 19,90 Coxa e Sobrecoxa de Frango Congelada sem Osso Sadia 1kg R$ 21,90 Coxinha Da Asa SWIFT Do Campo 1Kg R$ 19,29 Coxa Fgo Temp Facil Sadia 800g R$ 30,50 Filé Frango Aperitivo Bacon Swift 350G R$ 33,80 Peito de Frango com Osso Congelado 2Kg Peso variável R$ 48,75 Frango Inteiro Caipira Swift 2,5Kg Peso variável R$ 46,90 Cox",,22.90,,,,unknown,
Se interrumpió la conexión,Se interrumpió la conexión Se detectó un cambio de red. ERR_NETWORK_CHANGED Volver a cargar Se detectó un cambio de red.,,,,,,unknown,
Especiais,"Especiais Ofertas Meu Desconto Minha Lista Qualitá Rótulos Clube Extra Cartões Extra Feira Extra Hora do Churras Folheteria Digital Eletro Categorias Alimentos Bebidas Limpeza Descartáveis Bebê e Criança Perfumaria PetShop Bazar Caras do Brasil Categorias Categorias Categorias Para aumentar ou reduzir a fonte, utilize os atalhos nativos do seu navegador: No windows CTRL + (para aumentar) e CTRL - (para diminuir) No macOS CMD + (para aumentar) e CMD - (para diminuir) Seguros Extra Cartões Extra Nossas Lojas Como Comprar 0 Digite o que você quer encontrar BUSCAR Entrar 0 Ver todas categorias 💳 Ofertas Cartão Extra 📲 Clube Extra 📝 Minha Lista 🤩 Meus Favoritos ⭐ Ofertas do dia Home Alimentos Básico da Despensa Açúcar Açúcar Refinado Açúcar Refinado UNIÃO Pacote 1kg Cód.: 0248334 R$ 5,09 Preço por 1kg - R$ 5,09 Comprar Faça sua primeira compra online com cupom NOVA20 Para compras acima de R$149,00 Copiar Cupom Calcular o frete e prazo: OK Açúcar Refinado UNIÃO Pacote 1kg R$ 5,09 Comprar Veja também R$ 4,79 Açúcar Refinado DA BARRA Pacote 1kg R$ 4,49 Açúcar Refinado QUALITÁ Pacote 1Kg R$ 5,99 Açúcar Refinado Light UNIÃO Fit Pacote 500g R$ 4,29 Açúcar Refinado GUARANI Pacote 1Kg R$ 5,09 Açúcar Refinado UNIÃO Pacote 1kg R$ 4,59 Açúcar Refinado CARAVELAS Pacote 1kg Descrição do produto Ingredientes: Origem vegetal: sacarose de cana de açucar. NÃO CONTÉM GLÚTEN. Informações Adicionais Produto Orgânico Não Característica Geral Marca União Altura (cm) 24.5 Largura (cm) 15.5 Conversão Unidade 11 Peso Bruto 1.009 Nome da Medida Principal Peso LíquidoPeso Líquido Peso Líquido 1 Profundidade (cm) 4 Quantidade de Unidades 1 Unid. Quantidade UN Unid. Peso Bruto KG Unid. Peso Líquido KG Tabela nutricional Informação Nutricional Porção de 5g|Quantidade por porção|%VD* ITEM QTDE. POR PORÇÃO VALORES DIÁRIOS Carboidratos 5g 2 Valor calórico 20kcal 1 (*) Valores Diários de Referência com base em uma dieta de 2.500 calorias. baixe o app Institucional Quem somos Trabalhe Conosco Política de ",,5.09,,,,unknown,
Especiais,"Especiais Ofertas Meu Desconto Minha Lista Qualitá Rótulos Clube Extra Cartões Extra Feira Extra Hora do Churras Folheteria Digital Eletro Categorias Alimentos Bebidas Limpeza Descartáveis Bebê e Criança Perfumaria PetShop Bazar Caras do Brasil Categorias Categorias Categorias Para aumentar ou reduzir a fonte, utilize os atalhos nativos do seu navegador: No windows CTRL + (para aumentar) e CTRL - (para diminuir) No macOS CMD + (para aumentar) e CMD - (para diminuir) Seguros Extra Cartões Extra Nossas Lojas Como Comprar 0 Digite o que você quer encontrar BUSCAR Entrar 0 Ver todas categorias 💳 Ofertas Cartão Extra 📲 Clube Extra 📝 Minha Lista 🤩 Meus Favoritos ⭐ Ofertas do dia Home Alimentos Básico da Despensa Açúcar Açúcar Refinado Açúcar Refinado QUALITÁ Pacote 1Kg Cód.: 5977680 R$ 4,49 Comprar +10% de desconto pagando com o Cartão Extra Faça sua primeira compra online com cupom NOVA20 Para compras acima de R$149,00 Copiar Cupom Calcular o frete e prazo: OK Açúcar Refinado QUALITÁ Pacote 1Kg R$ 4,49 Comprar Veja também R$ 4,79 Açúcar Refinado DA BARRA Pacote 1kg R$ 4,49 Açúcar Refinado QUALITÁ Pacote 1Kg R$ 5,99 Açúcar Refinado Light UNIÃO Fit Pacote 500g R$ 4,29 Açúcar Refinado GUARANI Pacote 1Kg R$ 5,09 Açúcar Refinado UNIÃO Pacote 1kg R$ 4,59 Açúcar Refinado CARAVELAS Pacote 1kg Descrição do produto NÃO CONTÉM GLÚTEN. Outros Nome Principal do Item Açúcar Informações Adicionais Corante Não Contém Glúten Não Contém Possui Informações Nutricionais Sim Produto Diet Não Produto Light Não Produto Orgânico Não Característica Geral Marca Qualitá Altura (cm) 22.1 Largura (cm) 15.1 Conversão Unidade 11 Peso Bruto 1.009 Nome da Medida Principal Peso LíquidoPeso Líquido Peso Líquido 1 Profundidade (cm) 5.2 Quantidade de Unidades 1 Tipo de armazenagem Longe de Produtos Químicos Unid. Quantidade UN Unid. Peso Bruto KG Aromatizante Não Contém Unid. Peso Líquido KG Tabela nutricional Porção de 5G - 1 colher de chá ITEM QTDE. POR PORÇÃO VALORES DIÁRIOS Carboidratos 5 g 2 Valor ener",,4.49,,,,unknown,
Especiais,"Especiais Ofertas Meu Desconto Minha Lista Qualitá Rótulos Clube Extra Cartões Extra Feira Extra Hora do Churras Folheteria Digital Eletro Categorias Alimentos Bebidas Limpeza Descartáveis Bebê e Criança Perfumaria PetShop Bazar Caras do Brasil Categorias Categorias Categorias Para aumentar ou reduzir a fonte, utilize os atalhos nativos do seu navegador: No windows CTRL + (para aumentar) e CTRL - (para diminuir) No macOS CMD + (para aumentar) e CMD - (para diminuir) Seguros Extra Cartões Extra Nossas Lojas Como Comprar 0 Digite o que você quer encontrar BUSCAR Entrar 0 Ver todas categorias 💳 Ofertas Cartão Extra 📲 Clube Extra 📝 Minha Lista 🤩 Meus Favoritos ⭐ Ofertas do dia Home Alimentos Básico da Despensa Açúcar Açúcar Refinado Açúcar Refinado GUARANI Pacote 1Kg Cód.: 1094103 R$ 4,29 Preço por 1kg - R$ 4,29 Comprar Faça sua primeira compra online com cupom NOVA20 Para compras acima de R$149,00 Copiar Cupom Calcular o frete e prazo: OK Açúcar Refinado GUARANI Pacote 1Kg R$ 4,29 Comprar Veja também R$ 4,79 Açúcar Refinado DA BARRA Pacote 1kg R$ 4,49 Açúcar Refinado QUALITÁ Pacote 1Kg R$ 5,99 Açúcar Refinado Light UNIÃO Fit Pacote 500g R$ 4,29 Açúcar Refinado GUARANI Pacote 1Kg R$ 5,09 Açúcar Refinado UNIÃO Pacote 1kg R$ 4,59 Açúcar Refinado CARAVELAS Pacote 1kg Descrição do produto ACUCAR REFINADO GUARANI 1KG Advertência e Instrução de Uso Advertência de Consumo Cuidados especiais para portadores de diabete que deverão consumir o produto com moderação. Outros Nome Principal do Item Açúcar Informações Adicionais Glúten Não Contém Possui Informações Nutricionais Sim Produto Orgânico Não Característica Geral Marca Guarani Marca Guarani Altura (cm) 24 Largura (cm) 16.5 Conversão Unidade 11 Ingredientes Origem Vegetal - Sacarose de cana-de-açúcar. Peso Bruto 1.009 Nome da Medida Principal Peso LíquidoPeso Líquido Peso Líquido 1 Profundidade (cm) 4 Quantidade de Unidades 1 Unid. Quantidade UN Unid. Peso Bruto KG Unid. Peso Líquido KG Tabela nutricional Porção de 5g - 1 col",,4.29,,,,unknown,
Especiais,"Especiais Ofertas Meu Desconto Minha Lista Qualitá Rótulos Clube Extra Cartões Extra Feira Extra Hora do Churras Folheteria Digital Eletro Categorias Alimentos Bebidas Limpeza Descartáveis Bebê e Criança Perfumaria PetShop Bazar Caras do Brasil Categorias Categorias Categorias Para aumentar ou reduzir a fonte, utilize os atalhos nativos do seu navegador: No windows CTRL + (para aumentar) e CTRL - (para diminuir) No macOS CMD + (para aumentar) e CMD - (para diminuir) Seguros Extra Cartões Extra Nossas Lojas Como Comprar 0 Digite o que você quer encontrar BUSCAR Entrar 0 Ver todas categorias 💳 Ofertas Cartão Extra 📲 Clube Extra 📝 Minha Lista 🤩 Meus Favoritos ⭐ Ofertas do dia Home Alimentos Básico da Despensa Açúcar Açúcar Refinado Açúcar Refinado DA BARRA Pacote 1kg Cód.: 0353472 R$ 4,79 Preço por 1kg - R$ 4,79 Comprar Faça sua primeira compra online com cupom NOVA20 Para compras acima de R$149,00 Copiar Cupom Calcular o frete e prazo: OK Açúcar Refinado DA BARRA Pacote 1kg R$ 4,79 Comprar Veja também R$ 4,79 Açúcar Refinado DA BARRA Pacote 1kg R$ 4,49 Açúcar Refinado QUALITÁ Pacote 1Kg R$ 5,99 Açúcar Refinado Light UNIÃO Fit Pacote 500g R$ 4,29 Açúcar Refinado GUARANI Pacote 1Kg R$ 5,09 Açúcar Refinado UNIÃO Pacote 1kg R$ 4,59 Açúcar Refinado CARAVELAS Pacote 1kg Descrição do produto Composição: Sacarose 99.0/99.5, glucose e frutose 0.08/0.40, umidade 0.10/0.30, sais minerais 0.06/0.20. NÃO CONTÉM GLÚTEN. Informações Adicionais Produto Orgânico Não Característica Geral Marca Da Barra Altura (cm) 22 Largura (cm) 15.5 Conversão Unidade 11 Peso Bruto 1.009 Nome da Medida Principal Peso LíquidoPeso Líquido Peso Líquido 1 Profundidade (cm) 4 Quantidade de Unidades 1 Unid. Quantidade UN Unid. Peso Bruto KG Unid. Peso Líquido KG Tabela nutricional Informação Nutricional Porção de 5g|Quantidade por porção|%VD* ITEM QTDE. POR PORÇÃO VALORES DIÁRIOS Carboidratos 5g 1 Valor calórico 20kcal 1 (*) Valores Diários de Referência com base em uma dieta de 2.500 calorias. baixe o app ",,4.79,,,,unknown,
Especiais,"Especiais Ofertas Meu Desconto Minha Lista Qualitá Rótulos Clube Extra Cartões Extra Feira Extra Hora do Churras Folheteria Digital Eletro Categorias Alimentos Bebidas Limpeza Descartáveis Bebê e Criança Perfumaria PetShop Bazar Caras do Brasil Categorias Categorias Categorias Para aumentar ou reduzir a fonte, utilize os atalhos nativos do seu navegador: No windows CTRL + (para aumentar) e CTRL - (para diminuir) No macOS CMD + (para aumentar) e CMD - (para diminuir) Seguros Extra Cartões Extra Nossas Lojas Como Comprar 0 Digite o que você quer encontrar BUSCAR Entrar 0 Entrega Home Alimentos Básico da Despensa Grãos e Cereais Feijão Formas de parcelamento Feijão Carioca Tipo 1 CAMIL Pacote 1kg Cód.: 0468084 R$ 7,39 Preço por 1kg - R$ 7,39 Comprar Calcular o frete e prazo: OK Descrição do produto FEIJAO CARIOCA CAMIL T1 1KG Informações Adicionais Produto Orgânico Não Característica Geral Marca Camil Marca CAMIL Altura (cm) 22.5 Largura (cm) 14.5 Conversão Unidade 11 Peso Bruto 1.012 Nome da Medida Principal Peso LíquidoPeso Líquido Peso Líquido 1 Profundidade (cm) 4 Quantidade de Unidades 1 Unid. Quantidade UN Unid. Peso Bruto KG Unid. Peso Líquido KG Tabela nutricional Informação Nutricional porção de 30g|Quantidade por porção|%VD* ITEM QTDE. POR PORÇÃO VALORES DIÁRIOS Cálcio 50mg 6 Sódio 0mg 0 Colesterol 0mg 0 Gorduras saturadas 0g 0 Carboidratos 13g 3 Proteínas 5g 10 Fibra alimentar 5g 17 Gorduras totais 0g 0 Valor calórico 80kcal 3 Ferro 1,52mg 11 (*) Valores Diários de Referência com base em uma dieta de 2.500 calorias.",,7.39,,,,unknown,
Especiais,"Especiais Ofertas Meu Desconto Minha Lista Qualitá Rótulos Clube Extra Cartões Extra Feira Extra Hora do Churras Folheteria Digital Eletro Categorias Alimentos Bebidas Limpeza Descartáveis Bebê e Criança Perfumaria PetShop Bazar Caras do Brasil Categorias Categorias Categorias Para aumentar ou reduzir a fonte, utilize os atalhos nativos do seu navegador: No windows CTRL + (para aumentar) e CTRL - (para diminuir) No macOS CMD + (para aumentar) e CMD - (para diminuir) Seguros Extra Cartões Extra Nossas Lojas Como Comprar 0 Digite o que você quer encontrar BUSCAR Entrar 0 Ver todas categorias 💳 Ofertas Cartão Extra 📲 Clube Extra 📝 Minha Lista 🤩 Meus Favoritos ⭐ Ofertas do dia Home Alimentos Básico da Despensa Grãos e Cereais Feijão +2 Feijão Carioca Tipo 1 KICALDO Pacote 1Kg Cód.: 0221146 R$ 6,39 Preço por 1kg - R$ 6,39 Comprar Faça sua primeira compra online com cupom NOVA20 Para compras acima de R$149,00 Copiar Cupom Calcular o frete e prazo: OK Feijão Carioca Tipo 1 KICALDO Pacote 1Kg R$ 6,39 Comprar Veja também R$ 5,09 Feijão Preto Tipo 1 Kicaldo Pacote 1Kg R$ 5,49 Feijão Fradinho CAMIL Pacote 500g R$ 9,79 Feijão Rajado CAMIL Pacote 500g R$ 7,89 Feijão Carioca Pronto CAMIL Caixa 380g R$ 5,59 Feijão Fradinho Tipo 1 Urbano Seleção Especial Pacote 500g R$ 8,79 Feijão Carioca BROTO LEGAL Pacote 1kg R$ 6,99 Feijão Carioca Tipo 1 Sabor Máximo Pacote 1kg R$ 12,49 Feijão Branco CAMIL Pacote 500g R$ 5,29 Feijão Preto Tipo 1 SUPER MÁXIMO Pacote 1kg R$ 7,59 Feijao Vermelho Urbano 500g R$ 9,89 Feijão Branco Tipo 1 Urbano Seleção Especial Pacote 500g R$ 4,29 Feijão Carioca Tipo 1 Caldo Nobre Pacote 1kg R$ 7,39 Feijão Carioca Tipo 1 CAMIL Pacote 1kg R$ 8,99 Feijão Rosinha Tipo 1 Broto Legal Pacote 500g R$ 12,49 Feijão Bolinha CAMIL Pacote 500g R$ 5,09 Feijão Preto Tipo 1 Kicaldo Pacote 1Kg R$ 5,49 Feijão Fradinho CAMIL Pacote 500g R$ 9,79 Feijão Rajado CAMIL Pacote 500g R$ 7,89 Feijão Carioca Pronto CAMIL Caixa 380g R$ 5,59 Feijão Fradinho Tipo 1 Urbano Seleção Especial Pacote 5",,6.39,,,,unknown,
Especiais,"Especiais Ofertas Meu Desconto Minha Lista Qualitá Rótulos Clube Extra Cartões Extra Feira Extra Hora do Churras Folheteria Digital Eletro Categorias Alimentos Bebidas Limpeza Descartáveis Bebê e Criança Perfumaria PetShop Bazar Caras do Brasil Categorias Categorias Categorias Para aumentar ou reduzir a fonte, utilize os atalhos nativos do seu navegador: No windows CTRL + (para aumentar) e CTRL - (para diminuir) No macOS CMD + (para aumentar) e CMD - (para diminuir) Seguros Extra Cartões Extra Nossas Lojas Como Comprar 0 Digite o que você quer encontrar BUSCAR Entrar 0 Ver todas categorias 💳 Ofertas Cartão Extra 📲 Clube Extra 📝 Minha Lista 🤩 Meus Favoritos ⭐ Ofertas do dia Home Alimentos Básico da Despensa Grãos e Cereais Feijão Feijão Preto Tipo 1 SUPER MÁXIMO Pacote 1kg Cód.: 2200026 R$ 5,29 Preço por 1kg - R$ 5,29 Comprar Faça sua primeira compra online com cupom NOVA20 Para compras acima de R$149,00 Copiar Cupom Calcular o frete e prazo: OK Feijão Preto Tipo 1 SUPER MÁXIMO Pacote 1kg R$ 5,29 Comprar Veja também R$ 5,09 Feijão Preto Tipo 1 Kicaldo Pacote 1Kg R$ 5,49 Feijão Fradinho CAMIL Pacote 500g R$ 9,79 Feijão Rajado CAMIL Pacote 500g R$ 7,89 Feijão Carioca Pronto CAMIL Caixa 380g R$ 5,59 Feijão Fradinho Tipo 1 Urbano Seleção Especial Pacote 500g R$ 8,79 Feijão Carioca BROTO LEGAL Pacote 1kg R$ 6,99 Feijão Carioca Tipo 1 Sabor Máximo Pacote 1kg R$ 12,49 Feijão Branco CAMIL Pacote 500g R$ 5,29 Feijão Preto Tipo 1 SUPER MÁXIMO Pacote 1kg R$ 7,59 Feijao Vermelho Urbano 500g R$ 9,89 Feijão Branco Tipo 1 Urbano Seleção Especial Pacote 500g R$ 4,29 Feijão Carioca Tipo 1 Caldo Nobre Pacote 1kg R$ 7,39 Feijão Carioca Tipo 1 CAMIL Pacote 1kg R$ 8,99 Feijão Rosinha Tipo 1 Broto Legal Pacote 500g R$ 12,49 Feijão Bolinha CAMIL Pacote 500g R$ 5,09 Feijão Preto Tipo 1 Kicaldo Pacote 1Kg R$ 5,49 Feijão Fradinho CAMIL Pacote 500g R$ 9,79 Feijão Rajado CAMIL Pacote 500g R$ 7,89 Feijão Carioca Pronto CAMIL Caixa 380g R$ 5,59 Feijão Fradinho Tipo 1 Urbano Seleção Especial Pacot",,5.29,,,,unknown,
Mis listas,Mis listas Mis pedidos Iniciar sesión Promociones exclusivas con Arroz Frijol y Semillas Arroz Mi Tienda Arroz Extra 907 g Suscríbete a nuestro Newsletter y entérate de las ofertas y lanzamientos. Suscríbete a nuestro Newsletter y entérate de las ofertas y lanzamientos. Suscríbete Aviso de Privacidad | Términos y Condiciones | Politica de Devoluciones | Términos y Condiciones: Cupones y Promociones | Promociones Bancarias © 2024 H-E-B México - TODOS LOS DERECHOS RESERVADOS,,,,,,unknown,
Especiais,"Especiais Ofertas Meu Desconto Minha Lista Qualitá Rótulos Clube Extra Cartões Extra Feira Extra Hora do Churras Folheteria Digital Eletro Categorias Alimentos Bebidas Limpeza Descartáveis Bebê e Criança Perfumaria PetShop Bazar Caras do Brasil Categorias Categorias Categorias Para aumentar ou reduzir a fonte, utilize os atalhos nativos do seu navegador: No windows CTRL + (para aumentar) e CTRL - (para diminuir) No macOS CMD + (para aumentar) e CMD - (para diminuir) Seguros Extra Cartões Extra Nossas Lojas Como Comprar 0 Digite o que você quer encontrar BUSCAR Entrar 0 Ver todas categorias 💳 Ofertas Cartão Extra 📲 Clube Extra 📝 Minha Lista 🤩 Meus Favoritos ⭐ Ofertas do dia Home Alimentos Básico da Despensa Grãos e Cereais Feijão Feijão Carioca Tipo 1 Cores Qualitá Pacote 1kg Cód.: 5991471 R$ 6,29 Comprar +10% de desconto pagando com o Cartão Extra Faça sua primeira compra online com cupom NOVA20 Para compras acima de R$149,00 Copiar Cupom Calcular o frete e prazo: OK Feijão Carioca Tipo 1 Cores Qualitá Pacote 1kg R$ 6,29 Comprar Veja também R$ 5,09 Feijão Preto Tipo 1 Kicaldo Pacote 1Kg R$ 5,49 Feijão Fradinho CAMIL Pacote 500g R$ 9,79 Feijão Rajado CAMIL Pacote 500g R$ 7,89 Feijão Carioca Pronto CAMIL Caixa 380g R$ 5,59 Feijão Fradinho Tipo 1 Urbano Seleção Especial Pacote 500g R$ 8,79 Feijão Carioca BROTO LEGAL Pacote 1kg R$ 6,99 Feijão Carioca Tipo 1 Sabor Máximo Pacote 1kg R$ 12,49 Feijão Branco CAMIL Pacote 500g R$ 5,29 Feijão Preto Tipo 1 SUPER MÁXIMO Pacote 1kg R$ 7,59 Feijao Vermelho Urbano 500g R$ 9,89 Feijão Branco Tipo 1 Urbano Seleção Especial Pacote 500g R$ 4,29 Feijão Carioca Tipo 1 Caldo Nobre Pacote 1kg R$ 7,39 Feijão Carioca Tipo 1 CAMIL Pacote 1kg R$ 8,99 Feijão Rosinha Tipo 1 Broto Legal Pacote 500g R$ 12,49 Feijão Bolinha CAMIL Pacote 500g R$ 5,09 Feijão Preto Tipo 1 Kicaldo Pacote 1Kg R$ 5,49 Feijão Fradinho CAMIL Pacote 500g R$ 9,79 Feijão Rajado CAMIL Pacote 500g R$ 7,89 Feijão Carioca Pronto CAMIL Caixa 380g R$ 5,59 Feijão Fradinho Tipo 1 Urb",,6.29,,,,unknown,
Especiais,"Especiais Ofertas Meu Desconto Minha Lista Qualitá Rótulos Clube Extra Cartões Extra Feira Extra Hora do Churras Folheteria Digital Eletro Categorias Alimentos Bebidas Limpeza Descartáveis Bebê e Criança Perfumaria PetShop Bazar Caras do Brasil Categorias Categorias Categorias Para aumentar ou reduzir a fonte, utilize os atalhos nativos do seu navegador: No windows CTRL + (para aumentar) e CTRL - (para diminuir) No macOS CMD + (para aumentar) e CMD - (para diminuir) Seguros Extra Cartões Extra Nossas Lojas Como Comprar 0 Digite o que você quer encontrar BUSCAR Entrar 0 Ver todas categorias 💳 Ofertas Cartão Extra 📲 Clube Extra 📝 Minha Lista 🤩 Meus Favoritos ⭐ Ofertas do dia 0 Home Alimentos Básico da Despensa Grãos e Cereais Feijão Feijão Carioca Tipo 1 Nene Pacote 1kg Cód.: 0781817 Ops :( No momento não temos esse produto em estoque Indisponível Feijão Carioca Tipo 1 Nene Pacote 1kg Indisponível Veja também R$ 5,09 Feijão Preto Tipo 1 Kicaldo Pacote 1Kg R$ 5,49 Feijão Fradinho CAMIL Pacote 500g R$ 9,79 Feijão Rajado CAMIL Pacote 500g R$ 7,89 Feijão Carioca Pronto CAMIL Caixa 380g R$ 5,59 Feijão Fradinho Tipo 1 Urbano Seleção Especial Pacote 500g R$ 8,79 Feijão Carioca BROTO LEGAL Pacote 1kg R$ 6,99 Feijão Carioca Tipo 1 Sabor Máximo Pacote 1kg R$ 12,49 Feijão Branco CAMIL Pacote 500g R$ 5,29 Feijão Preto Tipo 1 SUPER MÁXIMO Pacote 1kg R$ 7,59 Feijao Vermelho Urbano 500g R$ 9,89 Feijão Branco Tipo 1 Urbano Seleção Especial Pacote 500g R$ 4,29 Feijão Carioca Tipo 1 Caldo Nobre Pacote 1kg R$ 7,39 Feijão Carioca Tipo 1 CAMIL Pacote 1kg R$ 8,99 Feijão Rosinha Tipo 1 Broto Legal Pacote 500g R$ 12,49 Feijão Bolinha CAMIL Pacote 500g R$ 5,09 Feijão Preto Tipo 1 Kicaldo Pacote 1Kg R$ 5,49 Feijão Fradinho CAMIL Pacote 500g R$ 9,79 Feijão Rajado CAMIL Pacote 500g R$ 7,89 Feijão Carioca Pronto CAMIL Caixa 380g R$ 5,59 Feijão Fradinho Tipo 1 Urbano Seleção Especial Pacote 500g R$ 8,79 Feijão Carioca BROTO LEGAL Pacote 1kg R$ 6,99 Feijão Carioca Tipo 1 Sabor Máximo Pacote 1kg R$ ",,5.09,,,,unknown,
🎉¡Aniversario Carrefour!🎉,"🎉¡Aniversario Carrefour!🎉 Hasta 12 CSI y Hasta 30% OFF en Seleccionados de Electrodomesticos | Ver productos ** ELEGÍ TU MÉTODO DE ENTREGA App Carrefour Promociones Mi Carrefour Sucursales Disponibilidad de entrega Categorías Buscá de todo en Carrefour Entrega inmediata Favoritos Ingresar Volver Lácteos y productos frescos Leches Leches enteras Leche La Serenísima UAT entera clásica 3% pet 1 lt La Serenísima Leche La Serenísima UAT entera clásica 3% pet 1 lt Promedio 4.54 13 ¡Calificá este producto! $ 2 . 409 , 00 1 L. $ 2 . 409 , 00 Precio sin Impuestos Nacionales: $ 1.990,91 c/u Agregar Cambios y Devoluciones Especificaciones técnicas Especificaciones técnicas Propiedad Especificación EAN 7790742335500 Tipo de producto Leche entera Surtido Modalidad Venta Seller Mostrar más APROVECHAR OFERTAS Términos más buscados 1. doves 2. elvive dream liso 3. papas fritas 4. p",,2,,,,unknown,
🎉¡Aniversario Carrefour!🎉,"🎉¡Aniversario Carrefour!🎉 Hasta 12 CSI y Hasta 30% OFF en Seleccionados de Electrodomesticos | Ver productos ** ELEGÍ TU MÉTODO DE ENTREGA App Carrefour Promociones Mi Carrefour Sucursales Disponibilidad de entrega Categorías Buscá de todo en Carrefour Entrega inmediata Favoritos Ingresar leche etera Carrefour Filtros Filtrado por: Carrefour (7) Borrar Filtros Departamento Lácteos y productos frescos (7) Marca 1 Carrefour (7) Bulnez (2) Casanto (1) Ilolay (1) La Serenísima (9) Las Tres Niñas (1) Lechelita (1) Nido (1) Purísima (2) Tregar (1) Categoría Leches (7) Sub-Categoría Leches en polvo (3) Leches enteras (4) Tipo de producto Leche condensada (1) Leche en polvo entera (3) Leche entera (3) Envase Tipo POUCH (3) BRIK (3) SACHET (1) Gama de Precios $ 1.278,00 – $ 4.207,00 Aplicar Limpiar Filtros Los precios de oferta expresados en la web, son precios por unidad 7 Productos Ordenar por Relevancia Relevancia Ventas Más reciente Descuento Precios más alto Precios más bajo Nombre, creciente Nombre, decreciente pricePerUnit Promedio 4.88 65 $ 1 . 278 , 80 c/u $ 1 . 390 , 00 Ver Precio sin impuestos nacionales Leche UAT entera Carrefour classic brik 1 lt. $ 1 . 278 , 80 1 L. pricePerUnit Promedio 4.63 72 $ 1 . 278 , 80 c/u $ 1 . 390 , 00 Ver Precio sin impuestos nacionales Leche entera UAT Carrefour classic tetra 1 lt. $ 1 . 278 , 80 1 L. pricePerUnit Promedio 0 $ 1 . 370 , 80 c/u $ 1 . 490 , 00 Ver Precio sin impuestos nacionales Leche ultra entera Carrefour classic sachet 1 lt. $ 1 . 370 , 80 1 L. pricePerUnit Promedio 4.63 8 $ 4 . 206 , 40 c/u $ 4 . 780 , 00 Ver Precio sin impuestos nacionales Leche en polvo entera Carrefour classic pouch 400 g. $ 10 . 516 , 00 1 K. pricePerUnit Promedio 0 $ 2 . 844 , 90 c/u $ 3 . 270 , 00 Ver Precio sin impuestos nacionales Leche en polvo entera Carrefour classic pouch 250 g. $ 11 . 379 , 60 1 K. pricePerUnit Promedio 5.00 66 $ 2 . 839 , 20 c/u $ 3 . 120 , 00 Ver Precio sin impuestos nacionales Leche condensada Carrefour tetra 395 g",,1278.00,,,,unknown,
🎉¡Aniversario Carrefour!🎉,"🎉¡Aniversario Carrefour!🎉 Hasta 12 CSI y Hasta 30% OFF en Seleccionados de Electrodomesticos | Ver productos ** ELEGÍ TU MÉTODO DE ENTREGA App Carrefour Promociones Mi Carrefour Sucursales Disponibilidad de entrega Categorías Buscá de todo en Carrefour Entrega inmediata Favoritos Ingresar Volver Lácteos y productos frescos Leches Leches enteras Leche entera larga vida Tregar 1 l. Tregar Leche entera larga vida Tregar 1 l. Promedio 5.00 128 ¡Calificá este producto! $ 1 . 999 , 00 1 L. $ 1 . 999 , 00 Precio sin Impuestos Nacionales: $ 1.652,07 c/u Agregar Cambios y Devoluciones Descripción Especificaciones técnicas Descripción del producto Leche entera larga vida Tregar 1 l. Acerca de tu privacidad Al brindar tu consentimiento autorizas en forma libre, expresa e informada a que INC S.A. y/o sus sociedades sucesoras y/o cesionarias y/o accionistas y/o controlantes y/o controladas hagan uso y/o traten, por sí o por intermedio de terceros, tus datos personales. Se utilizarán aquellos datos personales estrictamente necesarios para el objetivo perseguido: establecer canales de contacto, hábitos de consumo y elaboración de perfiles determinados con fines promocionales, comerciales o publicitarios, pudiendo recibir, en virtud de la autorización otorgada, publicidad sobre productos, servicios, ofertas y promociones especiales, todo ello a fin de mejorar la comercialización de los productos y servicios a través de nuestro Sitio. En función del consentimiento otorgado esta información se va a compartir –nacional e internacionalmente- con las sociedades sucesoras y/o cesionarias y/o las sociedades accionistas y/o controlantes y/o controladas de INC S.A. (Grupo Carrefour) y los terceros que por intermedio de INC S.A. realicen el tratamiento de los datos personales. Podés personalizar tu consentimiento teniendo en cuenta cada uno se los objetivos en particular que se detallan para cada cookie. Las opciones que elijas serán debidamente informadas a quien corresponda. Más informació",,1,,,,unknown,
🎉¡Aniversario Carrefour!🎉,"🎉¡Aniversario Carrefour!🎉 Hasta 12 CSI y Hasta 30% OFF en Seleccionados de Electrodomesticos | Ver productos ** ELEGÍ TU MÉTODO DE ENTREGA App Carrefour Promociones Mi Carrefour Sucursales Disponibilidad de entrega Categorías Buscá de todo en Carrefour Entrega inmediata Favoritos Ingresar Volver Lácteos y productos frescos Leches Leches enteras Leche entera larga vida Las tres niñas 1 l. Las Tres Niñas Leche entera larga vida Las tres niñas 1 l. Promedio 4.87 23 ¡Calificá este producto! $ 1 . 979 , 00 1 L. $ 1 . 979 , 00 Precio sin Impuestos Nacionales: $ 1.635,54 c/u Agregar Cambios y Devoluciones Especificaciones técnicas Especificaciones técnicas Propiedad Especificación EAN 7798338290028 Tipo de producto Leche en polvo entera Surtido Modalidad Venta Seller Mostrar más Acerca de tu privacidad Al brindar tu consentimiento autorizas en forma libre, expresa e informada a que INC S.A. y/o sus sociedades sucesoras y/o cesionarias y/o accionistas y/o controlantes y/o controladas hagan uso y/o traten, por sí o por intermedio de terceros, tus datos personales. Se utilizarán aquellos datos personales estrictamente necesarios para el objetivo perseguido: establecer canales de contacto, hábitos de consumo y elaboración de perfiles determinados con fines promocionales, comerciales o publicitarios, pudiendo recibir, en virtud de la autorización otorgada, publicidad sobre productos, servicios, ofertas y promociones especiales, todo ello a fin de mejorar la comercialización de los productos y servicios a través de nuestro Sitio. En función del consentimiento otorgado esta información se va a compartir –nacional e internacionalmente- con las sociedades sucesoras y/o cesionarias y/o las sociedades accionistas y/o controlantes y/o controladas de INC S.A. (Grupo Carrefour) y los terceros que por intermedio de INC S.A. realicen el tratamiento de los datos personales. Podés personalizar tu consentimiento teniendo en cuenta cada uno se los objetivos en particular que se detallan para ",,1,,,,unknown,
🎉¡Aniversario Carrefour!🎉,"🎉¡Aniversario Carrefour!🎉 Hasta 12 CSI y Hasta 30% OFF en Seleccionados de Electrodomesticos | Ver productos ** App Carrefour Promociones Mi Carrefour Sucursales Disponibilidad de entrega Categorías Buscá de todo en Carrefour Entrega inmediata Favoritos Ingresar Volver Lácteos y productos frescos Leches Leches enteras Leche entera Lechelita uat tetra 1 l. Lechelita Leche entera Lechelita uat tetra 1 l. Promedio 4.18 51 ¡Calificá este producto! $ 2 . 350 , 00 1 K. $ 2 . 350 , 00 Cargando precio sin impuestos nacionales Cambios y Devoluciones Especificaciones técnicas Acerca de tu privacidad Al brindar tu consentimiento autorizas en forma libre, expresa e informada a que INC S.A. y/o sus sociedades sucesoras y/o cesionarias y/o accionistas y/o controlantes y/o controladas hagan uso y/o traten, por sí o por intermedio de terceros, tus datos personales. Se utilizarán aquellos datos personales estrictamente necesarios para el objetivo perseguido: establecer canales de contacto, hábitos de consumo y elaboración de perfiles determinados con fines promocionales, comerciales o publicitarios, pudiendo recibir, en virtud de la autorización otorgada, publicidad sobre productos, servicios, ofertas y promociones especiales, todo ello a fin de mejorar la comercialización de los productos y servicios a través de nuestro Sitio. En función del consentimiento otorgado esta información se va a compartir –nacional e internacionalmente- con las sociedades sucesoras y/o cesionarias y/o las sociedades accionistas y/o controlantes y/o controladas de INC S.A. (Grupo Carrefour) y los terceros que por intermedio de INC S.A. realicen el tratamiento de los datos personales. Podés personalizar tu consentimiento teniendo en cuenta cada uno se los objetivos en particular que se detallan para cada cookie. Las opciones que elijas serán debidamente informadas a quien corresponda. Más información Aceptar todo Gestionar las preferencias de consentimiento Cookies estrictamente necesarias Activas siempre ",,2,,,,unknown,
🎉¡Aniversario Carrefour!🎉,"🎉¡Aniversario Carrefour!🎉 Hasta 12 CSI y Hasta 30% OFF en Seleccionados de Electrodomesticos | Ver productos ** ELEGÍ TU MÉTODO DE ENTREGA App Carrefour Promociones Mi Carrefour Sucursales Disponibilidad de entrega Categorías Buscá de todo en Carrefour Entrega inmediata Favoritos Ingresar ¡Ups! Página no encontrada Te invitamos a seguir navegando por Ir al inicio Mirá nuestras categorías recomendadas Acerca de tu privacidad Al brindar tu consentimiento autorizas en forma libre, expresa e informada a que INC S.A. y/o sus sociedades sucesoras y/o cesionarias y/o accionistas y/o controlantes y/o controladas hagan uso y/o traten, por sí o por intermedio de terceros, tus datos personales. Se utilizarán aquellos datos personales estrictamente necesarios para el objetivo perseguido: establecer canales de contacto, hábitos de consumo y elaboración de perfiles determinados con fines promocionales, comerciales o publicitarios, pudiendo recibir, en virtud de la autorización otorgada, publicidad sobre productos, servicios, ofertas y promociones especiales, todo ello a fin de mejorar la comercialización de los productos y servicios a través de nuestro Sitio. En función del consentimiento otorgado esta información se va a compartir –nacional e internacionalmente- con las sociedades sucesoras y/o cesionarias y/o las sociedades accionistas y/o controlantes y/o controladas de INC S.A. (Grupo Carrefour) y los terceros que por intermedio de INC S.A. realicen el tratamiento de los datos personales. Podés personalizar tu consentimiento teniendo en cuenta cada uno se los objetivos en particular que se detallan para cada cookie. Las opciones que elijas serán debidamente informadas a quien corresponda. Más información Aceptar todo Gestionar las preferencias de consentimiento Cookies estrictamente necesarias Activas siempre Estas cookies son necesarias para que el sitio web funcione y no se pueden desactivar en nuestros sistemas. Usualmente están configuradas para responder a acciones hecha",,,,,,unknown,
🎉¡Aniversario Carrefour!🎉,"🎉¡Aniversario Carrefour!🎉 Hasta 12 CSI y Hasta 30% OFF en Seleccionados de Electrodomesticos | Ver productos ** ELEGÍ TU MÉTODO DE ENTREGA App Carrefour Promociones Mi Carrefour Sucursales Disponibilidad de entrega Categorías Buscá de todo en Carrefour Entrega inmediata Favoritos Ingresar Volver Panadería Panificados Panes lacteados y de mesa Pan blanco Bimbo 610 grs Bimbo Pan blanco Bimbo 610 grs Promedio 5.00 1 ¡Calificá este producto! $ 10 . 540 , 98 1 K. $ 6 . 430 , 00 Precio sin Impuestos Nacionales: $ 5.314,05 c/u Agregar Cambios y Devoluciones Descripción Especificaciones técnicas Descripción del producto El pan Blanco Bimbo ahora con rebanada más grande, suave y esponjoso. Nuestra receta está elaborada con la bondad del trigo y con FERMENTACIÓN NATURAL, para que tengas siempre en tu mesa un pan suave, esponjoso y con un gran sabor. Pan con suavidad y textura única. Reabanada más grande. Harina de trigo 000*, agua, levadura, azúcar, gluten de trigo, aceite vegetal, leche en polvo descremada, sal, cloruro de potasio, vitamina D, suero de leche en polvo, conservadores: INS 282, INS 200, regulador de acidez: INS 270, mejorador de la harina: INS 300, aromatizante natural. CONTIENE LECHE Y DERIVADOS DE TRIGO. PUEDE CONTENER SOJA, AVENA, DERIVADOS DE CENTENO Y DE CEBADA. (*) Harina de trigo enriquecida según Ley N° 25.630 con: hierro (30 mg/kg); ácido fólico (2,2 mg/kg); tiamina B1 (6,3 mg/kg); riboflavina B2 (1,3 mg/kg); niacina (13 mg/kg). Términos más buscados 1. doves 2. elvive dream liso 3. papas fritas 4. p Acerca de tu privacidad Al brindar tu consentimiento autorizas en forma libre, expresa e informada a que INC S.A. y/o sus sociedades sucesoras y/o cesionarias y/o accionistas y/o controlantes y/o controladas hagan uso y/o traten, por sí o por intermedio de terceros, tus datos personales. Se utilizarán aquellos datos personales estrictamente necesarios para el objetivo perseguido: establecer canales de contacto, hábitos de consumo y elaboración de perfiles ",,10,,,,unknown,
🎉¡Aniversario Carrefour!🎉,"🎉¡Aniversario Carrefour!🎉 Hasta 12 CSI y Hasta 30% OFF en Seleccionados de Electrodomesticos | Ver productos ** ELEGÍ TU MÉTODO DE ENTREGA App Carrefour Promociones Mi Carrefour Sucursales Disponibilidad de entrega Categorías Buscá de todo en Carrefour Entrega inmediata Favoritos Ingresar Volver Panadería Panificados Panes lacteados y de mesa Pan lacteado blanco Bulnez 600 grs Bulnez Pan lacteado blanco Bulnez 600 grs Promedio 5.00 1 ¡Calificá este producto! $ 6 . 483 , 33 1 K. $ 3 . 890 , 00 Precio sin Impuestos Nacionales: $ 3.214,88 c/u Agregar Cambios y Devoluciones Especificaciones técnicas Especificaciones técnicas Propiedad Especificación EAN 7791720040850 Tipo de producto Pan lactal Surtido Modalidad Venta Seller Mostrar más Acerca de tu privacidad Al brindar tu consentimiento autorizas en forma libre, expresa e informada a que INC S.A. y/o sus sociedades sucesoras y/o cesionarias y/o accionistas y/o controlantes y/o controladas hagan uso y/o traten, por sí o por intermedio de terceros, tus datos personales. Se utilizarán aquellos datos personales estrictamente necesarios para el objetivo perseguido: establecer canales de contacto, hábitos de consumo y elaboración de perfiles determinados con fines promocionales, comerciales o publicitarios, pudiendo recibir, en virtud de la autorización otorgada, publicidad sobre productos, servicios, ofertas y promociones especiales, todo ello a fin de mejorar la comercialización de los productos y servicios a través de nuestro Sitio. En función del consentimiento otorgado esta información se va a compartir –nacional e internacionalmente- con las sociedades sucesoras y/o cesionarias y/o las sociedades accionistas y/o controlantes y/o controladas de INC S.A. (Grupo Carrefour) y los terceros que por intermedio de INC S.A. realicen el tratamiento de los datos personales. Podés personalizar tu consentimiento teniendo en cuenta cada uno se los objetivos en particular que se detallan para cada cookie. Las opciones que elijas ser",,6,,,,unknown,
¡Nueva tarjeta de crédito HEB Afirme!,"¡Nueva tarjeta de crédito HEB Afirme! Consigue la tuya aquí Elige método de entrega Buscar productos Mis listas Mis pedidos Iniciar sesión $0 Pasillos Promociones exclusivas con Nuevos Productos Vive Saludable Mascotas Exclusivos en línea Live Promociones Arroz Frijol y Semillas Arroz Arroz Súper Extra 1 kg Arroz Súper Extra 1 kg ★ ★ ★ ★ ★ (1) Por favor, inicia sesión para escribir un comentario. HEB Referencia : 895435 $36.90 . ＋ － Agregar Beneficio PRIME: -5% de descuento Este descuento especial está disponible solo para miembros PRIME. Promociones bancarias Obtén un 5% de cashback en todas tus compras en heb.com.mx y nuestra app con la tarjeta de crédito HEB Afirme . Solicítala aquí Métodos de entrega Pick&Go Delivery Compartir Descripción Reseñas Descubre la calidad inigualable de los productos de Marca Propia H?E?B, creados con los más altos estándares para ofrecerte lo mejor en frescura, sabor y confianza. Nuestros productos son cuidadosamente probados y aprobados por personas como tú antes de llegar a nuestras tiendas, garantizando la excelencia y satisfacción en cada compra. Además, con las marcas de Marca Propia Hill Country Fare y Hill Country Essentials, puedes disfrutar de grandes ahorros sin sacrificar calidad ni rendimiento. Llena tu despensa con productos frescos y de la mejor calidad para toda la familia. ¡Ahorra y lleva lo mejor a tu hogar, todos los días! Suscríbete a nuestro Newsletter y entérate de las ofertas y lanzamientos. Suscríbete a nuestro Newsletter y entérate de las ofertas y lanzamientos. Suscríbete Aviso de Privacidad | Términos y Condiciones | Politica de Devoluciones | Términos y Condiciones: Cupones y Promociones | Promociones Bancarias © 2024 H-E-B México - TODOS LOS DERECHOS RESERVADOS",,0,,,,unknown,
🎉¡Aniversario Carrefour!🎉,"🎉¡Aniversario Carrefour!🎉 Hasta 12 CSI y Hasta 30% OFF en Seleccionados de Electrodomesticos | Ver productos ** ELEGÍ TU MÉTODO DE ENTREGA App Carrefour Promociones Mi Carrefour Sucursales Disponibilidad de entrega Categorías Buscá de todo en Carrefour Entrega inmediata Favoritos Ingresar Volver Panadería Panificados Panes lacteados y de mesa Pan lacteado de mesa Carrefour Classic 590 grs Carrefour Pan lacteado de mesa Carrefour Classic 590 grs Sin calificaciones previas 0 ¡Calificá este producto! $ 7 . 779 , 66 1 K. Precio sin Impuestos Nacionales: $ 3.793,39 c/u No Disponible Cambios y Devoluciones Descripción Especificaciones técnicas Descripción del producto ✅ Características Destacadas ✔️ Producto de la línea Carrefour, pensado para tus necesidades diarias. ✔️ Presentación: formato práctico. ✔️ Perfecto para quienes valoran calidad y confianza en panes lacteados y de mesa. ✔️ Disponible en Carrefour para facilitar tu compra. Acerca de tu privacidad Al brindar tu consentimiento autorizas en forma libre, expresa e informada a que INC S.A. y/o sus sociedades sucesoras y/o cesionarias y/o accionistas y/o controlantes y/o controladas hagan uso y/o traten, por sí o por intermedio de terceros, tus datos personales. Se utilizarán aquellos datos personales estrictamente necesarios para el objetivo perseguido: establecer canales de contacto, hábitos de consumo y elaboración de perfiles determinados con fines promocionales, comerciales o publicitarios, pudiendo recibir, en virtud de la autorización otorgada, publicidad sobre productos, servicios, ofertas y promociones especiales, todo ello a fin de mejorar la comercialización de los productos y servicios a través de nuestro Sitio. En función del consentimiento otorgado esta información se va a compartir –nacional e internacionalmente- con las sociedades sucesoras y/o cesionarias y/o las sociedades accionistas y/o controlantes y/o controladas de INC S.A. (Grupo Carrefour) y los terceros que por intermedio de INC S.A. reali",,7,,,,unknown,
🎉¡Aniversario Carrefour!🎉,"🎉¡Aniversario Carrefour!🎉 Hasta 12 CSI y Hasta 30% OFF en Seleccionados de Electrodomesticos | Ver productos ** ELEGÍ TU MÉTODO DE ENTREGA App Carrefour Promociones Mi Carrefour Sucursales Disponibilidad de entrega Categorías Buscá de todo en Carrefour Entrega inmediata Favoritos Ingresar Volver Panadería Panificados Panes lacteados y de mesa Pan con salvado La Perla 640 g. Nuevo La Perla Pan con salvado La Perla 640 g. Promedio 5.00 1 ¡Calificá este producto! $ 7 . 343 , 75 1 K. $ 4 . 700 , 00 Precio sin Impuestos Nacionales: $ 3.884,30 c/u Agregar Cambios y Devoluciones Especificaciones técnicas Especificaciones técnicas Propiedad Especificación EAN 7790903001398 Tipo de producto Pan de salvado Surtido Modalidad Venta Seller Etiqueta 1 Rojo Nuevo Mostrar más Acerca de tu privacidad Al brindar tu consentimiento autorizas en forma libre, expresa e informada a que INC S.A. y/o sus sociedades sucesoras y/o cesionarias y/o accionistas y/o controlantes y/o controladas hagan uso y/o traten, por sí o por intermedio de terceros, tus datos personales. Se utilizarán aquellos datos personales estrictamente necesarios para el objetivo perseguido: establecer canales de contacto, hábitos de consumo y elaboración de perfiles determinados con fines promocionales, comerciales o publicitarios, pudiendo recibir, en virtud de la autorización otorgada, publicidad sobre productos, servicios, ofertas y promociones especiales, todo ello a fin de mejorar la comercialización de los productos y servicios a través de nuestro Sitio. En función del consentimiento otorgado esta información se va a compartir –nacional e internacionalmente- con las sociedades sucesoras y/o cesionarias y/o las sociedades accionistas y/o controlantes y/o controladas de INC S.A. (Grupo Carrefour) y los terceros que por intermedio de INC S.A. realicen el tratamiento de los datos personales. Podés personalizar tu consentimiento teniendo en cuenta cada uno se los objetivos en particular que se detallan para cada cookie.",,7,,,,unknown,
🎉¡Aniversario Carrefour!🎉,"🎉¡Aniversario Carrefour!🎉 Hasta 12 CSI y Hasta 30% OFF en Seleccionados de Electrodomesticos | Ver productos ** App Carrefour Promociones Mi Carrefour Sucursales Disponibilidad de entrega Categorías Buscá de todo en Carrefour Entrega inmediata Favoritos Ingresar Desayuno y merienda Azúcar y endulzantes Azúcar Filtros Aplicar Limpiar Filtros Los precios de oferta expresados en la web, son precios por unidad 11 Productos Ordenar por Relevancia Relevancia Ventas Más reciente Descuento Precios más alto Precios más bajo Nombre, creciente Nombre, decreciente ... Acerca de tu privacidad Al brindar tu consentimiento autorizas en forma libre, expresa e informada a que INC S.A. y/o sus sociedades sucesoras y/o cesionarias y/o accionistas y/o controlantes y/o controladas hagan uso y/o traten, por sí o por intermedio de terceros, tus datos personales. Se utilizarán aquellos datos personales estrictamente necesarios para el objetivo perseguido: establecer canales de contacto, hábitos de consumo y elaboración de perfiles determinados con fines promocionales, comerciales o publicitarios, pudiendo recibir, en virtud de la autorización otorgada, publicidad sobre productos, servicios, ofertas y promociones especiales, todo ello a fin de mejorar la comercialización de los productos y servicios a través de nuestro Sitio. En función del consentimiento otorgado esta información se va a compartir –nacional e internacionalmente- con las sociedades sucesoras y/o cesionarias y/o las sociedades accionistas y/o controlantes y/o controladas de INC S.A. (Grupo Carrefour) y los terceros que por intermedio de INC S.A. realicen el tratamiento de los datos personales. Podés personalizar tu consentimiento teniendo en cuenta cada uno se los objetivos en particular que se detallan para cada cookie. Las opciones que elijas serán debidamente informadas a quien corresponda. Más información Aceptar todo Gestionar las preferencias de consentimiento Cookies estrictamente necesarias Activas siempre Estas cook",,,,,,unknown,
Acerca de tu privacidad,"Acerca de tu privacidad Al brindar tu consentimiento autorizas en forma libre, expresa e informada a que INC S.A. y/o sus sociedades sucesoras y/o cesionarias y/o accionistas y/o controlantes y/o controladas hagan uso y/o traten, por sí o por intermedio de terceros, tus datos personales. Se utilizarán aquellos datos personales estrictamente necesarios para el objetivo perseguido: establecer canales de contacto, hábitos de consumo y elaboración de perfiles determinados con fines promocionales, comerciales o publicitarios, pudiendo recibir, en virtud de la autorización otorgada, publicidad sobre productos, servicios, ofertas y promociones especiales, todo ello a fin de mejorar la comercialización de los productos y servicios a través de nuestro Sitio. En función del consentimiento otorgado esta información se va a compartir –nacional e internacionalmente- con las sociedades sucesoras y/o cesionarias y/o las sociedades accionistas y/o controlantes y/o controladas de INC S.A. (Grupo Carrefour) y los terceros que por intermedio de INC S.A. realicen el tratamiento de los datos personales. Podés personalizar tu consentimiento teniendo en cuenta cada uno se los objetivos en particular que se detallan para cada cookie. Las opciones que elijas serán debidamente informadas a quien corresponda. Más información Aceptar todo Gestionar las preferencias de consentimiento Cookies estrictamente necesarias Activas siempre Estas cookies son necesarias para que el sitio web funcione y no se pueden desactivar en nuestros sistemas. Usualmente están configuradas para responder a acciones hechas por el usuario, como por ejemplo: ajustar las preferencias de privacidad, iniciar sesión en el sitio web, llenar formularios, etc.). Usted puede configurar su navegador para bloquear o alertar la presencia de estas cookies, pero de optar por esta opción le hacemos saber que algunas partes del sitio web no funcionarán. Estas cookies no guardan ninguna información personal identificable. Información d",,,,,,unknown,
🎉¡Aniversario Carrefour!🎉,"🎉¡Aniversario Carrefour!🎉 Hasta 12 CSI y Hasta 30% OFF en Seleccionados de Electrodomesticos | Ver productos ** ELEGÍ TU MÉTODO DE ENTREGA App Carrefour Promociones Mi Carrefour Sucursales Disponibilidad de entrega Categorías Buscá de todo en Carrefour Entrega inmediata Favoritos Ingresar Volver Desayuno y merienda Azúcar y endulzantes Azúcar Azúcar orgánica Dicomere paquete 1000 g. Dicomere Azúcar orgánica Dicomere paquete 1000 g. Promedio 5.00 13 ¡Calificá este producto! $ 5 . 889 , 00 1 K. Orgánico $ 5 . 889 , 00 Precio sin Impuestos Nacionales: $ 4.866,94 c/u Agregar Cambios y Devoluciones Especificaciones técnicas Especificaciones técnicas Propiedad Especificación EAN 7793323004260 Tipo de producto Azúcar orgánica Cucardas Orgánico Surtido Modalidad Venta Seller Saludables Orgánico Mostrar más Acerca de tu privacidad Al brindar tu consentimiento autorizas en forma libre, expresa e informada a que INC S.A. y/o sus sociedades sucesoras y/o cesionarias y/o accionistas y/o controlantes y/o controladas hagan uso y/o traten, por sí o por intermedio de terceros, tus datos personales. Se utilizarán aquellos datos personales estrictamente necesarios para el objetivo perseguido: establecer canales de contacto, hábitos de consumo y elaboración de perfiles determinados con fines promocionales, comerciales o publicitarios, pudiendo recibir, en virtud de la autorización otorgada, publicidad sobre productos, servicios, ofertas y promociones especiales, todo ello a fin de mejorar la comercialización de los productos y servicios a través de nuestro Sitio. En función del consentimiento otorgado esta información se va a compartir –nacional e internacionalmente- con las sociedades sucesoras y/o cesionarias y/o las sociedades accionistas y/o controlantes y/o controladas de INC S.A. (Grupo Carrefour) y los terceros que por intermedio de INC S.A. realicen el tratamiento de los datos personales. Podés personalizar tu consentimiento teniendo en cuenta cada uno se los objetivos en parti",,5,,,,unknown,
🎉¡Aniversario Carrefour!🎉,"🎉¡Aniversario Carrefour!🎉 Hasta 12 CSI y Hasta 30% OFF en Seleccionados de Electrodomesticos | Ver productos ** ELEGÍ TU MÉTODO DE ENTREGA App Carrefour Promociones Mi Carrefour Sucursales Disponibilidad de entrega Categorías Buscá de todo en Carrefour Entrega inmediata Favoritos Ingresar Volver Desayuno y merienda Azúcar y endulzantes Azúcar Azúcar mascabo Beepure zip pack 700 g. Nuevo Beepure Azúcar mascabo Beepure zip pack 700 g. Promedio 5.00 1 ¡Calificá este producto! $ 8 . 698 , 57 1 K. $ 6 . 089 , 00 Precio sin Impuestos Nacionales: $ 5.032,23 c/u Agregar Cambios y Devoluciones Especificaciones técnicas Especificaciones técnicas Propiedad Especificación EAN 7798165591077 Tipo de producto Azúcar mascabo Surtido Modalidad Venta Seller Etiqueta 1 Rojo Nuevo Mostrar más Acerca de tu privacidad Al brindar tu consentimiento autorizas en forma libre, expresa e informada a que INC S.A. y/o sus sociedades sucesoras y/o cesionarias y/o accionistas y/o controlantes y/o controladas hagan uso y/o traten, por sí o por intermedio de terceros, tus datos personales. Se utilizarán aquellos datos personales estrictamente necesarios para el objetivo perseguido: establecer canales de contacto, hábitos de consumo y elaboración de perfiles determinados con fines promocionales, comerciales o publicitarios, pudiendo recibir, en virtud de la autorización otorgada, publicidad sobre productos, servicios, ofertas y promociones especiales, todo ello a fin de mejorar la comercialización de los productos y servicios a través de nuestro Sitio. En función del consentimiento otorgado esta información se va a compartir –nacional e internacionalmente- con las sociedades sucesoras y/o cesionarias y/o las sociedades accionistas y/o controlantes y/o controladas de INC S.A. (Grupo Carrefour) y los terceros que por intermedio de INC S.A. realicen el tratamiento de los datos personales. Podés personalizar tu consentimiento teniendo en cuenta cada uno se los objetivos en particular que se detallan para",,8,,,,unknown,
🎉¡Aniversario Carrefour!🎉,"🎉¡Aniversario Carrefour!🎉 Hasta 12 CSI y Hasta 30% OFF en Seleccionados de Electrodomesticos | Ver productos ** ELEGÍ TU MÉTODO DE ENTREGA App Carrefour Promociones Mi Carrefour Sucursales Disponibilidad de entrega Categorías Buscá de todo en Carrefour Entrega inmediata Favoritos Ingresar Volver Desayuno y merienda Azúcar y endulzantes Azúcar Azúcar común Carrefour classic tipo A en bolsa 1 kg. Carrefour Azúcar común Carrefour classic tipo A en bolsa 1 kg. Promedio 4.67 39 ¡Calificá este producto! $ 919 , 08 1 K. Mi CRF $ 919 , 08 c/u $ 999 , 00 Precio sin Impuestos Nacionales: $ 825,62 c/u Agregar Cambios y Devoluciones Descripción Especificaciones técnicas Descripción del producto ✅ Características Destacadas ✔️ Producto de la línea Carrefour, pensado para tus necesidades diarias. ✔️ Presentación: 1 kg. ✔️ Perfecto para quienes valoran calidad y confianza en azúcar. ✔️ Disponible en Carrefour para facilitar tu compra. Acerca de tu privacidad Al brindar tu consentimiento autorizas en forma libre, expresa e informada a que INC S.A. y/o sus sociedades sucesoras y/o cesionarias y/o accionistas y/o controlantes y/o controladas hagan uso y/o traten, por sí o por intermedio de terceros, tus datos personales. Se utilizarán aquellos datos personales estrictamente necesarios para el objetivo perseguido: establecer canales de contacto, hábitos de consumo y elaboración de perfiles determinados con fines promocionales, comerciales o publicitarios, pudiendo recibir, en virtud de la autorización otorgada, publicidad sobre productos, servicios, ofertas y promociones especiales, todo ello a fin de mejorar la comercialización de los productos y servicios a través de nuestro Sitio. En función del consentimiento otorgado esta información se va a compartir –nacional e internacionalmente- con las sociedades sucesoras y/o cesionarias y/o las sociedades accionistas y/o controlantes y/o controladas de INC S.A. (Grupo Carrefour) y los terceros que por intermedio de INC S.A. realicen el tra",,919,,,,unknown,
🎉¡Aniversario Carrefour!🎉,"🎉¡Aniversario Carrefour!🎉 Hasta 12 CSI y Hasta 30% OFF en Seleccionados de Electrodomesticos | Ver productos ** ELEGÍ TU MÉTODO DE ENTREGA App Carrefour Promociones Mi Carrefour Sucursales Disponibilidad de entrega Categorías Buscá de todo en Carrefour Entrega inmediata Favoritos Ingresar Volver Almacén Pastas secas Fideos largos Fideos tallarin N5 Lucchetti 500 g. Matarazzo Fideos tallarin N5 Lucchetti 500 g. Promedio 4.62 40 ¡Calificá este producto! $ 2 . 758 , 00 1 K. 2do al 70% Max 8 Unidades Iguales $ 896 , 35 c/u $ 1 . 379 , 00 Precio sin Impuestos Nacionales: $ 1.139,67 c/u Agregar Cambios y Devoluciones Especificaciones técnicas Especificaciones técnicas Propiedad Especificación EAN 7790070336118 Tipo de producto Fideos tallarines Surtido Modalidad Venta Seller Mostrar más Acerca de tu privacidad Al brindar tu consentimiento autorizas en forma libre, expresa e informada a que INC S.A. y/o sus sociedades sucesoras y/o cesionarias y/o accionistas y/o controlantes y/o controladas hagan uso y/o traten, por sí o por intermedio de terceros, tus datos personales. Se utilizarán aquellos datos personales estrictamente necesarios para el objetivo perseguido: establecer canales de contacto, hábitos de consumo y elaboración de perfiles determinados con fines promocionales, comerciales o publicitarios, pudiendo recibir, en virtud de la autorización otorgada, publicidad sobre productos, servicios, ofertas y promociones especiales, todo ello a fin de mejorar la comercialización de los productos y servicios a través de nuestro Sitio. En función del consentimiento otorgado esta información se va a compartir –nacional e internacionalmente- con las sociedades sucesoras y/o cesionarias y/o las sociedades accionistas y/o controlantes y/o controladas de INC S.A. (Grupo Carrefour) y los terceros que por intermedio de INC S.A. realicen el tratamiento de los datos personales. Podés personalizar tu consentimiento teniendo en cuenta cada uno se los objetivos en particular que se detal",,2,,,,unknown,
🎉¡Aniversario Carrefour!🎉,"🎉¡Aniversario Carrefour!🎉 Hasta 12 CSI y Hasta 30% OFF en Seleccionados de Electrodomesticos | Ver productos ** ELEGÍ TU MÉTODO DE ENTREGA App Carrefour Promociones Mi Carrefour Sucursales Disponibilidad de entrega Categorías Buscá de todo en Carrefour Entrega inmediata Favoritos Ingresar Volver Almacén Pastas secas Fideos largos Fideos spaghetti N3 Matarazzo 500 g. Matarazzo Fideos spaghetti N3 Matarazzo 500 g. Promedio 5.00 7 ¡Calificá este producto! $ 3 . 418 , 00 1 K. $ 1 . 709 , 00 Precio sin Impuestos Nacionales: $ 1.412,40 c/u Agregar Cambios y Devoluciones Especificaciones técnicas Especificaciones técnicas Propiedad Especificación EAN 7790070336309 Tipo de producto Fideos spaghetti Surtido Modalidad Venta Seller Mostrar más Acerca de tu privacidad Al brindar tu consentimiento autorizas en forma libre, expresa e informada a que INC S.A. y/o sus sociedades sucesoras y/o cesionarias y/o accionistas y/o controlantes y/o controladas hagan uso y/o traten, por sí o por intermedio de terceros, tus datos personales. Se utilizarán aquellos datos personales estrictamente necesarios para el objetivo perseguido: establecer canales de contacto, hábitos de consumo y elaboración de perfiles determinados con fines promocionales, comerciales o publicitarios, pudiendo recibir, en virtud de la autorización otorgada, publicidad sobre productos, servicios, ofertas y promociones especiales, todo ello a fin de mejorar la comercialización de los productos y servicios a través de nuestro Sitio. En función del consentimiento otorgado esta información se va a compartir –nacional e internacionalmente- con las sociedades sucesoras y/o cesionarias y/o las sociedades accionistas y/o controlantes y/o controladas de INC S.A. (Grupo Carrefour) y los terceros que por intermedio de INC S.A. realicen el tratamiento de los datos personales. Podés personalizar tu consentimiento teniendo en cuenta cada uno se los objetivos en particular que se detallan para cada cookie. Las opciones que elijas ser",,3,,,,unknown,
🎉¡Aniversario Carrefour!🎉,"🎉¡Aniversario Carrefour!🎉 Hasta 12 CSI y Hasta 30% OFF en Seleccionados de Electrodomesticos | Ver productos ** ELEGÍ TU MÉTODO DE ENTREGA App Carrefour Promociones Mi Carrefour Sucursales Disponibilidad de entrega Categorías Buscá de todo en Carrefour Entrega inmediata Favoritos Ingresar Volver Almacén Pastas secas Fideos largos Fideos fettuccini Don Vicente de morrón 500 grs Don Vicente Fideos fettuccini Don Vicente de morrón 500 grs Sin calificaciones previas 0 ¡Calificá este producto! $ 7 . 570 , 00 1 K. $ 3 . 785 , 00 Precio sin Impuestos Nacionales: $ 3.128,10 c/u Agregar Cambios y Devoluciones Especificaciones técnicas Especificaciones técnicas Propiedad Especificación EAN 7790070337207 Tipo de producto Fideos fettuccini Surtido Modalidad Venta Seller Mostrar más Acerca de tu privacidad Al brindar tu consentimiento autorizas en forma libre, expresa e informada a que INC S.A. y/o sus sociedades sucesoras y/o cesionarias y/o accionistas y/o controlantes y/o controladas hagan uso y/o traten, por sí o por intermedio de terceros, tus datos personales. Se utilizarán aquellos datos personales estrictamente necesarios para el objetivo perseguido: establecer canales de contacto, hábitos de consumo y elaboración de perfiles determinados con fines promocionales, comerciales o publicitarios, pudiendo recibir, en virtud de la autorización otorgada, publicidad sobre productos, servicios, ofertas y promociones especiales, todo ello a fin de mejorar la comercialización de los productos y servicios a través de nuestro Sitio. En función del consentimiento otorgado esta información se va a compartir –nacional e internacionalmente- con las sociedades sucesoras y/o cesionarias y/o las sociedades accionistas y/o controlantes y/o controladas de INC S.A. (Grupo Carrefour) y los terceros que por intermedio de INC S.A. realicen el tratamiento de los datos personales. Podés personalizar tu consentimiento teniendo en cuenta cada uno se los objetivos en particular que se detallan para ca",,7,,,,unknown,
¡Nueva tarjeta de crédito HEB Afirme!,"¡Nueva tarjeta de crédito HEB Afirme! Consigue la tuya aquí Elige método de entrega Buscar productos Mis listas Mis pedidos Iniciar sesión $0 Pasillos Promociones exclusivas con Nuevos Productos Vive Saludable Mascotas Exclusivos en línea Live Promociones Aceites y Mantecas Aceites Vegetales y de Semillas Mi Tienda Aceite Comestible Vegetal 946 ml Mi Tienda Aceite Comestible Vegetal 946 ml ☆ ☆ ☆ ☆ ☆ (0) Por favor, inicia sesión para escribir un comentario. MI TIENDA Referencia : 971036 $34.90 . ＋ － Agregar Beneficio PRIME: -5% de descuento Este descuento especial está disponible solo para miembros PRIME. 2x54.9 Ver productos Termina el 30 de Octubre Ver términos y condiciones Promociones bancarias Obtén un 5% de cashback en todas tus compras en heb.com.mx y nuestra app con la tarjeta de crédito HEB Afirme . Solicítala aquí Métodos de entrega Pick&Go Delivery Compartir Reseñas Comentarios ☆ ☆ ☆ ☆ ☆ 0 Calificación promedio (0 comentarios) Por favor, inicia sesión para escribir un comentario. Más reciente Ordenar por: Más reciente Más antiguo Calificación más alta Calificación más baja Todos Filtrar por: Todos 1 estrella 2 estrellas 3 estrellas 4 estrellas 5 estrellas No hay comentarios. Suscríbete a nuestro Newsletter y entérate de las ofertas y lanzamientos. Suscríbete a nuestro Newsletter y entérate de las ofertas y lanzamientos. Suscríbete Aviso de Privacidad | Términos y Condiciones | Politica de Devoluciones | Términos y Condiciones: Cupones y Promociones | Promociones Bancarias © 2024 H-E-B México - TODOS LOS DERECHOS RESERVADOS",,0,,,,unknown,
🎉¡Aniversario Carrefour!🎉,"🎉¡Aniversario Carrefour!🎉 Hasta 12 CSI y Hasta 30% OFF en Seleccionados de Electrodomesticos | Ver productos ** App Carrefour Promociones Mi Carrefour Sucursales Disponibilidad de entrega Categorías Buscá de todo en Carrefour Entrega inmediata Favoritos Ingresar Volver Almacén Pastas secas Fideos largos Fideos spaghetti N3 Terrabusi 500 g. Terrabusi Fideos spaghetti N3 Terrabusi 500 g. Promedio 0 ¡Calificá este producto! $ 2 . 240 , 00 1 K. Cargando precio sin impuestos nacionales Cambios y Devoluciones Especificaciones técnicas Acerca de tu privacidad Al brindar tu consentimiento autorizas en forma libre, expresa e informada a que INC S.A. y/o sus sociedades sucesoras y/o cesionarias y/o accionistas y/o controlantes y/o controladas hagan uso y/o traten, por sí o por intermedio de terceros, tus datos personales. Se utilizarán aquellos datos personales estrictamente necesarios para el objetivo perseguido: establecer canales de contacto, hábitos de consumo y elaboración de perfiles determinados con fines promocionales, comerciales o publicitarios, pudiendo recibir, en virtud de la autorización otorgada, publicidad sobre productos, servicios, ofertas y promociones especiales, todo ello a fin de mejorar la comercialización de los productos y servicios a través de nuestro Sitio. En función del consentimiento otorgado esta información se va a compartir –nacional e internacionalmente- con las sociedades sucesoras y/o cesionarias y/o las sociedades accionistas y/o controlantes y/o controladas de INC S.A. (Grupo Carrefour) y los terceros que por intermedio de INC S.A. realicen el tratamiento de los datos personales. Podés personalizar tu consentimiento teniendo en cuenta cada uno se los objetivos en particular que se detallan para cada cookie. Las opciones que elijas serán debidamente informadas a quien corresponda. Más información Aceptar todo Gestionar las preferencias de consentimiento Cookies estrictamente necesarias Activas siempre Estas cookies son necesarias para que ",,2,,,,unknown,
🎉¡Aniversario Carrefour!🎉,"🎉¡Aniversario Carrefour!🎉 Hasta 12 CSI y Hasta 30% OFF en Seleccionados de Electrodomesticos | Ver productos ** ELEGÍ TU MÉTODO DE ENTREGA App Carrefour Promociones Mi Carrefour Sucursales Disponibilidad de entrega Categorías Buscá de todo en Carrefour Entrega inmediata Favoritos Ingresar Volver Almacén Pastas secas Fideos largos Fideos spaghetti fortificado Favorita 500 g. Favorita Fideos spaghetti fortificado Favorita 500 g. Promedio 5.00 3 ¡Calificá este producto! $ 1 . 930 , 00 1 K. $ 965 , 00 Precio sin Impuestos Nacionales: $ 797,52 c/u Agregar Cambios y Devoluciones Especificaciones técnicas Especificaciones técnicas Propiedad Especificación EAN 7790070320285 Tipo de producto Fideos spaghetti Surtido Modalidad Venta Seller Mostrar más Acerca de tu privacidad Al brindar tu consentimiento autorizas en forma libre, expresa e informada a que INC S.A. y/o sus sociedades sucesoras y/o cesionarias y/o accionistas y/o controlantes y/o controladas hagan uso y/o traten, por sí o por intermedio de terceros, tus datos personales. Se utilizarán aquellos datos personales estrictamente necesarios para el objetivo perseguido: establecer canales de contacto, hábitos de consumo y elaboración de perfiles determinados con fines promocionales, comerciales o publicitarios, pudiendo recibir, en virtud de la autorización otorgada, publicidad sobre productos, servicios, ofertas y promociones especiales, todo ello a fin de mejorar la comercialización de los productos y servicios a través de nuestro Sitio. En función del consentimiento otorgado esta información se va a compartir –nacional e internacionalmente- con las sociedades sucesoras y/o cesionarias y/o las sociedades accionistas y/o controlantes y/o controladas de INC S.A. (Grupo Carrefour) y los terceros que por intermedio de INC S.A. realicen el tratamiento de los datos personales. Podés personalizar tu consentimiento teniendo en cuenta cada uno se los objetivos en particular que se detallan para cada cookie. Las opciones que e",,1,,,,unknown,
🎉¡Aniversario Carrefour!🎉,"🎉¡Aniversario Carrefour!🎉 Hasta 12 CSI y Hasta 30% OFF en Seleccionados de Electrodomesticos | Ver productos ** ELEGÍ TU MÉTODO DE ENTREGA App Carrefour Promociones Mi Carrefour Sucursales Disponibilidad de entrega Categorías Buscá de todo en Carrefour Entrega inmediata Favoritos Ingresar Volver Carnes y pescados Pollo y granja Medio pollo congelado x kg. Genérico Medio pollo congelado x kg. Promedio 2.00 2 ¡Calificá este producto! $ 3 . 199 , 00 1 K. $ 3 . 199 , 00 Precio sin Impuestos Nacionales: $ 2.895,02 c/u Agregar Cambios y Devoluciones Especificaciones técnicas Especificaciones técnicas Propiedad Especificación EAN 2509652000003 Tipo de producto Pollo Surtido Modalidad Venta Seller Mostrar más Acerca de tu privacidad Al brindar tu consentimiento autorizas en forma libre, expresa e informada a que INC S.A. y/o sus sociedades sucesoras y/o cesionarias y/o accionistas y/o controlantes y/o controladas hagan uso y/o traten, por sí o por intermedio de terceros, tus datos personales. Se utilizarán aquellos datos personales estrictamente necesarios para el objetivo perseguido: establecer canales de contacto, hábitos de consumo y elaboración de perfiles determinados con fines promocionales, comerciales o publicitarios, pudiendo recibir, en virtud de la autorización otorgada, publicidad sobre productos, servicios, ofertas y promociones especiales, todo ello a fin de mejorar la comercialización de los productos y servicios a través de nuestro Sitio. En función del consentimiento otorgado esta información se va a compartir –nacional e internacionalmente- con las sociedades sucesoras y/o cesionarias y/o las sociedades accionistas y/o controlantes y/o controladas de INC S.A. (Grupo Carrefour) y los terceros que por intermedio de INC S.A. realicen el tratamiento de los datos personales. Podés personalizar tu consentimiento teniendo en cuenta cada uno se los objetivos en particular que se detallan para cada cookie. Las opciones que elijas serán debidamente informadas a quie",,3,,,,unknown,
🎉¡Aniversario Carrefour!🎉,"🎉¡Aniversario Carrefour!🎉 Hasta 12 CSI y Hasta 30% OFF en Seleccionados de Electrodomesticos | Ver productos ** ELEGÍ TU MÉTODO DE ENTREGA App Carrefour Promociones Mi Carrefour Sucursales Disponibilidad de entrega Categorías Buscá de todo en Carrefour Entrega inmediata Favoritos Ingresar Volver Carnes y pescados Pollo y granja Pollo seco Campos de Areco x kg. Campos de Areco Pollo seco Campos de Areco x kg. Promedio 3.67 3 ¡Calificá este producto! $ 9 . 100 , 00 1 K. $ 9 . 100 , 00 Precio sin Impuestos Nacionales: $ 8.235,29 c/u Agregar Cambios y Devoluciones Especificaciones técnicas Especificaciones técnicas Propiedad Especificación EAN 2506656000008 Tipo de producto Pollo Surtido Modalidad Venta Seller Mostrar más Acerca de tu privacidad Al brindar tu consentimiento autorizas en forma libre, expresa e informada a que INC S.A. y/o sus sociedades sucesoras y/o cesionarias y/o accionistas y/o controlantes y/o controladas hagan uso y/o traten, por sí o por intermedio de terceros, tus datos personales. Se utilizarán aquellos datos personales estrictamente necesarios para el objetivo perseguido: establecer canales de contacto, hábitos de consumo y elaboración de perfiles determinados con fines promocionales, comerciales o publicitarios, pudiendo recibir, en virtud de la autorización otorgada, publicidad sobre productos, servicios, ofertas y promociones especiales, todo ello a fin de mejorar la comercialización de los productos y servicios a través de nuestro Sitio. En función del consentimiento otorgado esta información se va a compartir –nacional e internacionalmente- con las sociedades sucesoras y/o cesionarias y/o las sociedades accionistas y/o controlantes y/o controladas de INC S.A. (Grupo Carrefour) y los terceros que por intermedio de INC S.A. realicen el tratamiento de los datos personales. Podés personalizar tu consentimiento teniendo en cuenta cada uno se los objetivos en particular que se detallan para cada cookie. Las opciones que elijas serán debidamente ",,9,,,,unknown,
🎉¡Aniversario Carrefour!🎉,"🎉¡Aniversario Carrefour!🎉 Hasta 12 CSI y Hasta 30% OFF en Seleccionados de Electrodomesticos | Ver productos ** ELEGÍ TU MÉTODO DE ENTREGA App Carrefour Promociones Mi Carrefour Sucursales Disponibilidad de entrega Categorías Buscá de todo en Carrefour Entrega inmediata Favoritos Ingresar Volver Carnes y pescados Pollo y granja Pollo entero congelado x kg. Genérico Pollo entero congelado x kg. Promedio 4.03 559 ¡Calificá este producto! $ 2 . 790 , 00 1 K. $ 2 . 790 , 00 Precio sin Impuestos Nacionales: $ 2.524,89 c/u Agregar Cambios y Devoluciones Especificaciones técnicas Especificaciones técnicas Propiedad Especificación EAN 2625356000009 Tipo de producto Pollo Surtido Modalidad Venta Seller Mostrar más Acerca de tu privacidad Al brindar tu consentimiento autorizas en forma libre, expresa e informada a que INC S.A. y/o sus sociedades sucesoras y/o cesionarias y/o accionistas y/o controlantes y/o controladas hagan uso y/o traten, por sí o por intermedio de terceros, tus datos personales. Se utilizarán aquellos datos personales estrictamente necesarios para el objetivo perseguido: establecer canales de contacto, hábitos de consumo y elaboración de perfiles determinados con fines promocionales, comerciales o publicitarios, pudiendo recibir, en virtud de la autorización otorgada, publicidad sobre productos, servicios, ofertas y promociones especiales, todo ello a fin de mejorar la comercialización de los productos y servicios a través de nuestro Sitio. En función del consentimiento otorgado esta información se va a compartir –nacional e internacionalmente- con las sociedades sucesoras y/o cesionarias y/o las sociedades accionistas y/o controlantes y/o controladas de INC S.A. (Grupo Carrefour) y los terceros que por intermedio de INC S.A. realicen el tratamiento de los datos personales. Podés personalizar tu consentimiento teniendo en cuenta cada uno se los objetivos en particular que se detallan para cada cookie. Las opciones que elijas serán debidamente informadas a ",,2,,,,unknown,
🎉¡Aniversario Carrefour!🎉,"🎉¡Aniversario Carrefour!🎉 Hasta 12 CSI y Hasta 30% OFF en Seleccionados de Electrodomesticos | Ver productos ** ELEGÍ TU MÉTODO DE ENTREGA App Carrefour Promociones Mi Carrefour Sucursales Disponibilidad de entrega Categorías Buscá de todo en Carrefour Entrega inmediata Favoritos Ingresar Volver Lácteos y productos frescos Huevos Huevos blancos El Mercado 6 uni El Mercado Huevos blancos El Mercado 6 uni Promedio 3.98 182 ¡Calificá este producto! $ 292 , 87 1 U. Mi CRF $ 1 . 757 , 20 c/u $ 1 . 910 , 00 Precio sin Impuestos Nacionales: $ 1.578,51 c/u Agregar Cambios y Devoluciones Especificaciones técnicas Especificaciones técnicas Propiedad Especificación EAN 7798108344487 Tipo de producto Huevos blancos Surtido Modalidad Venta Seller Mostrar más Acerca de tu privacidad Al brindar tu consentimiento autorizas en forma libre, expresa e informada a que INC S.A. y/o sus sociedades sucesoras y/o cesionarias y/o accionistas y/o controlantes y/o controladas hagan uso y/o traten, por sí o por intermedio de terceros, tus datos personales. Se utilizarán aquellos datos personales estrictamente necesarios para el objetivo perseguido: establecer canales de contacto, hábitos de consumo y elaboración de perfiles determinados con fines promocionales, comerciales o publicitarios, pudiendo recibir, en virtud de la autorización otorgada, publicidad sobre productos, servicios, ofertas y promociones especiales, todo ello a fin de mejorar la comercialización de los productos y servicios a través de nuestro Sitio. En función del consentimiento otorgado esta información se va a compartir –nacional e internacionalmente- con las sociedades sucesoras y/o cesionarias y/o las sociedades accionistas y/o controlantes y/o controladas de INC S.A. (Grupo Carrefour) y los terceros que por intermedio de INC S.A. realicen el tratamiento de los datos personales. Podés personalizar tu consentimiento teniendo en cuenta cada uno se los objetivos en particular que se detallan para cada cookie. Las opciones q",,292,,,,unknown,
🎉¡Aniversario Carrefour!🎉,"🎉¡Aniversario Carrefour!🎉 Hasta 12 CSI y Hasta 30% OFF en Seleccionados de Electrodomesticos | Ver productos ** ELEGÍ TU MÉTODO DE ENTREGA App Carrefour Promociones Mi Carrefour Sucursales Disponibilidad de entrega Categorías Buscá de todo en Carrefour Entrega inmediata Favoritos Ingresar Volver Lácteos y productos frescos Huevos Huevos blancos Avicoper 6 u. Avicoper Huevos blancos Avicoper 6 u. Promedio 4.02 52 ¡Calificá este producto! $ 358 , 33 1 U. $ 2 . 150 , 00 Precio sin Impuestos Nacionales: $ 1.776,86 c/u Agregar Cambios y Devoluciones Especificaciones técnicas Especificaciones técnicas Propiedad Especificación EAN 7792335000321 Tipo de producto Huevos blancos Surtido Modalidad Venta Seller Mostrar más Acerca de tu privacidad Al brindar tu consentimiento autorizas en forma libre, expresa e informada a que INC S.A. y/o sus sociedades sucesoras y/o cesionarias y/o accionistas y/o controlantes y/o controladas hagan uso y/o traten, por sí o por intermedio de terceros, tus datos personales. Se utilizarán aquellos datos personales estrictamente necesarios para el objetivo perseguido: establecer canales de contacto, hábitos de consumo y elaboración de perfiles determinados con fines promocionales, comerciales o publicitarios, pudiendo recibir, en virtud de la autorización otorgada, publicidad sobre productos, servicios, ofertas y promociones especiales, todo ello a fin de mejorar la comercialización de los productos y servicios a través de nuestro Sitio. En función del consentimiento otorgado esta información se va a compartir –nacional e internacionalmente- con las sociedades sucesoras y/o cesionarias y/o las sociedades accionistas y/o controlantes y/o controladas de INC S.A. (Grupo Carrefour) y los terceros que por intermedio de INC S.A. realicen el tratamiento de los datos personales. Podés personalizar tu consentimiento teniendo en cuenta cada uno se los objetivos en particular que se detallan para cada cookie. Las opciones que elijas serán debidamente informa",,358,,,,unknown,
🎉¡Aniversario Carrefour!🎉,"🎉¡Aniversario Carrefour!🎉 Hasta 12 CSI y Hasta 30% OFF en Seleccionados de Electrodomesticos | Ver productos ** ELEGÍ TU MÉTODO DE ENTREGA App Carrefour Promociones Mi Carrefour Sucursales Disponibilidad de entrega Categorías Buscá de todo en Carrefour Entrega inmediata Favoritos Ingresar ¡Ups! Página no encontrada Te invitamos a seguir navegando por Ir al inicio Mirá nuestras categorías recomendadas Acerca de tu privacidad Al brindar tu consentimiento autorizas en forma libre, expresa e informada a que INC S.A. y/o sus sociedades sucesoras y/o cesionarias y/o accionistas y/o controlantes y/o controladas hagan uso y/o traten, por sí o por intermedio de terceros, tus datos personales. Se utilizarán aquellos datos personales estrictamente necesarios para el objetivo perseguido: establecer canales de contacto, hábitos de consumo y elaboración de perfiles determinados con fines promocionales, comerciales o publicitarios, pudiendo recibir, en virtud de la autorización otorgada, publicidad sobre productos, servicios, ofertas y promociones especiales, todo ello a fin de mejorar la comercialización de los productos y servicios a través de nuestro Sitio. En función del consentimiento otorgado esta información se va a compartir –nacional e internacionalmente- con las sociedades sucesoras y/o cesionarias y/o las sociedades accionistas y/o controlantes y/o controladas de INC S.A. (Grupo Carrefour) y los terceros que por intermedio de INC S.A. realicen el tratamiento de los datos personales. Podés personalizar tu consentimiento teniendo en cuenta cada uno se los objetivos en particular que se detallan para cada cookie. Las opciones que elijas serán debidamente informadas a quien corresponda. Más información Aceptar todo Gestionar las preferencias de consentimiento Cookies estrictamente necesarias Activas siempre Estas cookies son necesarias para que el sitio web funcione y no se pueden desactivar en nuestros sistemas. Usualmente están configuradas para responder a acciones hecha",,,,,,unknown,
Acerca de tu privacidad,"Acerca de tu privacidad Al brindar tu consentimiento autorizas en forma libre, expresa e informada a que INC S.A. y/o sus sociedades sucesoras y/o cesionarias y/o accionistas y/o controlantes y/o controladas hagan uso y/o traten, por sí o por intermedio de terceros, tus datos personales. Se utilizarán aquellos datos personales estrictamente necesarios para el objetivo perseguido: establecer canales de contacto, hábitos de consumo y elaboración de perfiles determinados con fines promocionales, comerciales o publicitarios, pudiendo recibir, en virtud de la autorización otorgada, publicidad sobre productos, servicios, ofertas y promociones especiales, todo ello a fin de mejorar la comercialización de los productos y servicios a través de nuestro Sitio. En función del consentimiento otorgado esta información se va a compartir –nacional e internacionalmente- con las sociedades sucesoras y/o cesionarias y/o las sociedades accionistas y/o controlantes y/o controladas de INC S.A. (Grupo Carrefour) y los terceros que por intermedio de INC S.A. realicen el tratamiento de los datos personales. Podés personalizar tu consentimiento teniendo en cuenta cada uno se los objetivos en particular que se detallan para cada cookie. Las opciones que elijas serán debidamente informadas a quien corresponda. Más información Aceptar todo Gestionar las preferencias de consentimiento Cookies estrictamente necesarias Activas siempre Estas cookies son necesarias para que el sitio web funcione y no se pueden desactivar en nuestros sistemas. Usualmente están configuradas para responder a acciones hechas por el usuario, como por ejemplo: ajustar las preferencias de privacidad, iniciar sesión en el sitio web, llenar formularios, etc.). Usted puede configurar su navegador para bloquear o alertar la presencia de estas cookies, pero de optar por esta opción le hacemos saber que algunas partes del sitio web no funcionarán. Estas cookies no guardan ninguna información personal identificable. Información d",,,,,,unknown,
🎉¡Aniversario Carrefour!🎉,"🎉¡Aniversario Carrefour!🎉 Hasta 12 CSI y Hasta 30% OFF en Seleccionados de Electrodomesticos | Ver productos ** ELEGÍ TU MÉTODO DE ENTREGA App Carrefour Promociones Mi Carrefour Sucursales Disponibilidad de entrega Categorías Buscá de todo en Carrefour Entrega inmediata Favoritos Ingresar Volver Lácteos y productos frescos Quesos Quesos cremosos y mozzarellas Queso cremoso Bulnez 300 grs Bulnez Queso cremoso Bulnez 300 grs Promedio 5.00 1 ¡Calificá este producto! $ 11 . 633 , 33 1 K. $ 3 . 490 , 00 Precio sin Impuestos Nacionales: $ 2.884,30 c/u Agregar Cambios y Devoluciones Especificaciones técnicas Especificaciones técnicas Propiedad Especificación EAN 7791720038499 Tipo de producto Queso cremoso Surtido Modalidad Venta Seller Mostrar más Acerca de tu privacidad Al brindar tu consentimiento autorizas en forma libre, expresa e informada a que INC S.A. y/o sus sociedades sucesoras y/o cesionarias y/o accionistas y/o controlantes y/o controladas hagan uso y/o traten, por sí o por intermedio de terceros, tus datos personales. Se utilizarán aquellos datos personales estrictamente necesarios para el objetivo perseguido: establecer canales de contacto, hábitos de consumo y elaboración de perfiles determinados con fines promocionales, comerciales o publicitarios, pudiendo recibir, en virtud de la autorización otorgada, publicidad sobre productos, servicios, ofertas y promociones especiales, todo ello a fin de mejorar la comercialización de los productos y servicios a través de nuestro Sitio. En función del consentimiento otorgado esta información se va a compartir –nacional e internacionalmente- con las sociedades sucesoras y/o cesionarias y/o las sociedades accionistas y/o controlantes y/o controladas de INC S.A. (Grupo Carrefour) y los terceros que por intermedio de INC S.A. realicen el tratamiento de los datos personales. Podés personalizar tu consentimiento teniendo en cuenta cada uno se los objetivos en particular que se detallan para cada cookie. Las opciones que e",,11,,,,unknown,
¡Nueva tarjeta de crédito HEB Afirme!,"¡Nueva tarjeta de crédito HEB Afirme! Consigue la tuya aquí Elige método de entrega Buscar productos Mis listas Mis pedidos Iniciar sesión $0 Pasillos Promociones exclusivas con Nuevos Productos Vive Saludable Mascotas Exclusivos en línea Live Promociones Aceites y Mantecas Aceites Vegetales y de Semillas Aceite 123 Aceite Vegetal Comestible 1 L Aceite 123 Aceite Vegetal Comestible 1 L ☆ ☆ ☆ ☆ ☆ (0) Por favor, inicia sesión para escribir un comentario. ACEITE 123 Referencia : 4335 $37.00 $44.50 . ＋ － Agregar Promociones bancarias Obtén un 5% de cashback en todas tus compras en heb.com.mx y nuestra app con la tarjeta de crédito HEB Afirme . Solicítala aquí Métodos de entrega Pick&Go Delivery Compartir Descripción Características Reseñas Tipo de producto Aceite vegetal Marca Aceite 123 Denominación/Variedad Comestible Contenido neto 1 l Presentación Botella País de origen México Advertencias de almacenamiento Conservar en un lugar fresco y seco alejado de la luz solar Ingredientes Aceite de canola y/o girasol, 0.007% antioxidante TBHQ Beneficios nutricionales Aporta un balance ideal de ácidos grasos esenciales y vitamina E. Sin colesterol Porción sugerida 14 g Porción referencial 1 cucharada Porciones por envase 67 Energía por 100 g 900 Kcal Proteínas totales por 100 g 0 g Grasas totales por 100 g 100 g Carbohidratos totales por 100 g 0 g Sodio por 100 g 0 mg Energía por porción 126 Kcal Proteínas totales por porción 0 g Grasas totales por porción 14 g Carbohidratos totales por porción 0 g Sodio por porción 0 mg Suscríbete a nuestro Newsletter y entérate de las ofertas y lanzamientos. Suscríbete a nuestro Newsletter y entérate de las ofertas y lanzamientos. Suscríbete Aviso de Privacidad | Términos y Condiciones | Politica de Devoluciones | Términos y Condiciones: Cupones y Promociones | Promociones Bancarias © 2024 H-E-B México - TODOS LOS DERECHOS RESERVADOS",,0,,,,unknown,
🎉¡Aniversario Carrefour!🎉,"🎉¡Aniversario Carrefour!🎉 Hasta 12 CSI y Hasta 30% OFF en Seleccionados de Electrodomesticos | Ver productos ** ELEGÍ TU MÉTODO DE ENTREGA App Carrefour Promociones Mi Carrefour Sucursales Disponibilidad de entrega Categorías Buscá de todo en Carrefour Entrega inmediata Favoritos Ingresar Volver Lácteos y productos frescos Quesos Quesos cremosos y mozzarellas Queso cremoso Puyehue horma x kg. Puyehué Queso cremoso Puyehue horma x kg. Promedio 4.05 698 ¡Calificá este producto! $ 11 . 630 , 00 1 K. $ 11 . 630 , 00 Precio sin Impuestos Nacionales: $ 9.611,57 c/u Agregar Cambios y Devoluciones Especificaciones técnicas Especificaciones técnicas Propiedad Especificación EAN 2505587000002 Tipo de producto Queso cremoso Surtido Modalidad Venta Seller Mostrar más Acerca de tu privacidad Al brindar tu consentimiento autorizas en forma libre, expresa e informada a que INC S.A. y/o sus sociedades sucesoras y/o cesionarias y/o accionistas y/o controlantes y/o controladas hagan uso y/o traten, por sí o por intermedio de terceros, tus datos personales. Se utilizarán aquellos datos personales estrictamente necesarios para el objetivo perseguido: establecer canales de contacto, hábitos de consumo y elaboración de perfiles determinados con fines promocionales, comerciales o publicitarios, pudiendo recibir, en virtud de la autorización otorgada, publicidad sobre productos, servicios, ofertas y promociones especiales, todo ello a fin de mejorar la comercialización de los productos y servicios a través de nuestro Sitio. En función del consentimiento otorgado esta información se va a compartir –nacional e internacionalmente- con las sociedades sucesoras y/o cesionarias y/o las sociedades accionistas y/o controlantes y/o controladas de INC S.A. (Grupo Carrefour) y los terceros que por intermedio de INC S.A. realicen el tratamiento de los datos personales. Podés personalizar tu consentimiento teniendo en cuenta cada uno se los objetivos en particular que se detallan para cada cookie. Las ",,11,,,,unknown,
🎉¡Aniversario Carrefour!🎉,"🎉¡Aniversario Carrefour!🎉 Hasta 12 CSI y Hasta 30% OFF en Seleccionados de Electrodomesticos | Ver productos ** ELEGÍ TU MÉTODO DE ENTREGA App Carrefour Promociones Mi Carrefour Sucursales Disponibilidad de entrega Categorías Buscá de todo en Carrefour Entrega inmediata Favoritos Ingresar Volver Lácteos y productos frescos Quesos Quesos feteados Queso cheddar en fetas Milkaut blister 145 g. Milkaut Queso cheddar en fetas Milkaut blister 145 g. Promedio 5.00 14 ¡Calificá este producto! $ 3 . 524 , 14 100 G. Precio sin Impuestos Nacionales: $ 4.223,14 c/u No Disponible Cambios y Devoluciones Especificaciones técnicas Especificaciones técnicas Propiedad Especificación EAN 7794820901786 Tipo de producto Queso cheddar Surtido Modalidad Venta Seller Mostrar más Acerca de tu privacidad Al brindar tu consentimiento autorizas en forma libre, expresa e informada a que INC S.A. y/o sus sociedades sucesoras y/o cesionarias y/o accionistas y/o controlantes y/o controladas hagan uso y/o traten, por sí o por intermedio de terceros, tus datos personales. Se utilizarán aquellos datos personales estrictamente necesarios para el objetivo perseguido: establecer canales de contacto, hábitos de consumo y elaboración de perfiles determinados con fines promocionales, comerciales o publicitarios, pudiendo recibir, en virtud de la autorización otorgada, publicidad sobre productos, servicios, ofertas y promociones especiales, todo ello a fin de mejorar la comercialización de los productos y servicios a través de nuestro Sitio. En función del consentimiento otorgado esta información se va a compartir –nacional e internacionalmente- con las sociedades sucesoras y/o cesionarias y/o las sociedades accionistas y/o controlantes y/o controladas de INC S.A. (Grupo Carrefour) y los terceros que por intermedio de INC S.A. realicen el tratamiento de los datos personales. Podés personalizar tu consentimiento teniendo en cuenta cada uno se los objetivos en particular que se detallan para cada cookie. Las ",,3,,,,unknown,
🎉¡Aniversario Carrefour!🎉,"🎉¡Aniversario Carrefour!🎉 Hasta 12 CSI y Hasta 30% OFF en Seleccionados de Electrodomesticos | Ver productos ** ELEGÍ TU MÉTODO DE ENTREGA App Carrefour Promociones Mi Carrefour Sucursales Disponibilidad de entrega Categorías Buscá de todo en Carrefour Entrega inmediata Favoritos Ingresar Volver Lácteos y productos frescos Quesos Quesos cremosos y mozzarellas Mozzarella La Serenísima 500 grs La Serenísima Mozzarella La Serenísima 500 grs Promedio 3.50 2 ¡Calificá este producto! $ 2 . 165 , 80 100 G. $ 10 . 829 , 00 Precio sin Impuestos Nacionales: $ 8.949,59 c/u Agregar Cambios y Devoluciones Especificaciones técnicas Especificaciones técnicas Propiedad Especificación EAN 7790742249906 Tipo de producto Mozzarella Surtido Modalidad Venta Seller Mostrar más Acerca de tu privacidad Al brindar tu consentimiento autorizas en forma libre, expresa e informada a que INC S.A. y/o sus sociedades sucesoras y/o cesionarias y/o accionistas y/o controlantes y/o controladas hagan uso y/o traten, por sí o por intermedio de terceros, tus datos personales. Se utilizarán aquellos datos personales estrictamente necesarios para el objetivo perseguido: establecer canales de contacto, hábitos de consumo y elaboración de perfiles determinados con fines promocionales, comerciales o publicitarios, pudiendo recibir, en virtud de la autorización otorgada, publicidad sobre productos, servicios, ofertas y promociones especiales, todo ello a fin de mejorar la comercialización de los productos y servicios a través de nuestro Sitio. En función del consentimiento otorgado esta información se va a compartir –nacional e internacionalmente- con las sociedades sucesoras y/o cesionarias y/o las sociedades accionistas y/o controlantes y/o controladas de INC S.A. (Grupo Carrefour) y los terceros que por intermedio de INC S.A. realicen el tratamiento de los datos personales. Podés personalizar tu consentimiento teniendo en cuenta cada uno se los objetivos en particular que se detallan para cada cookie. Las ",,2,,,,unknown,
🎉¡Aniversario Carrefour!🎉,"🎉¡Aniversario Carrefour!🎉 Hasta 12 CSI y Hasta 30% OFF en Seleccionados de Electrodomesticos | Ver productos ** App Carrefour Promociones Mi Carrefour Sucursales Disponibilidad de entrega Categorías Buscá de todo en Carrefour Entrega inmediata Favoritos Ingresar Bebidas Gaseosas Gaseosas Sabor Cola Lima-Limón Sabor Naranja Sabor Pomelo Filtros Aplicar Limpiar Filtros Los precios de oferta expresados en la web, son precios por unidad 99 Productos Ordenar por Relevancia Relevancia Ventas Más reciente Descuento Precios más alto Precios más bajo Nombre, creciente Nombre, decreciente ... Acerca de tu privacidad Al brindar tu consentimiento autorizas en forma libre, expresa e informada a que INC S.A. y/o sus sociedades sucesoras y/o cesionarias y/o accionistas y/o controlantes y/o controladas hagan uso y/o traten, por sí o por intermedio de terceros, tus datos personales. Se utilizarán aquellos datos personales estrictamente necesarios para el objetivo perseguido: establecer canales de contacto, hábitos de consumo y elaboración de perfiles determinados con fines promocionales, comerciales o publicitarios, pudiendo recibir, en virtud de la autorización otorgada, publicidad sobre productos, servicios, ofertas y promociones especiales, todo ello a fin de mejorar la comercialización de los productos y servicios a través de nuestro Sitio. En función del consentimiento otorgado esta información se va a compartir –nacional e internacionalmente- con las sociedades sucesoras y/o cesionarias y/o las sociedades accionistas y/o controlantes y/o controladas de INC S.A. (Grupo Carrefour) y los terceros que por intermedio de INC S.A. realicen el tratamiento de los datos personales. Podés personalizar tu consentimiento teniendo en cuenta cada uno se los objetivos en particular que se detallan para cada cookie. Las opciones que elijas serán debidamente informadas a quien corresponda. Más información Aceptar todo Gestionar las preferencias de consentimiento Cookies estrictamente necesarias",,,,,,unknown,
Acerca de tu privacidad,"Acerca de tu privacidad Al brindar tu consentimiento autorizas en forma libre, expresa e informada a que INC S.A. y/o sus sociedades sucesoras y/o cesionarias y/o accionistas y/o controlantes y/o controladas hagan uso y/o traten, por sí o por intermedio de terceros, tus datos personales. Se utilizarán aquellos datos personales estrictamente necesarios para el objetivo perseguido: establecer canales de contacto, hábitos de consumo y elaboración de perfiles determinados con fines promocionales, comerciales o publicitarios, pudiendo recibir, en virtud de la autorización otorgada, publicidad sobre productos, servicios, ofertas y promociones especiales, todo ello a fin de mejorar la comercialización de los productos y servicios a través de nuestro Sitio. En función del consentimiento otorgado esta información se va a compartir –nacional e internacionalmente- con las sociedades sucesoras y/o cesionarias y/o las sociedades accionistas y/o controlantes y/o controladas de INC S.A. (Grupo Carrefour) y los terceros que por intermedio de INC S.A. realicen el tratamiento de los datos personales. Podés personalizar tu consentimiento teniendo en cuenta cada uno se los objetivos en particular que se detallan para cada cookie. Las opciones que elijas serán debidamente informadas a quien corresponda. Más información Aceptar todo Gestionar las preferencias de consentimiento Cookies estrictamente necesarias Activas siempre Estas cookies son necesarias para que el sitio web funcione y no se pueden desactivar en nuestros sistemas. Usualmente están configuradas para responder a acciones hechas por el usuario, como por ejemplo: ajustar las preferencias de privacidad, iniciar sesión en el sitio web, llenar formularios, etc.). Usted puede configurar su navegador para bloquear o alertar la presencia de estas cookies, pero de optar por esta opción le hacemos saber que algunas partes del sitio web no funcionarán. Estas cookies no guardan ninguna información personal identificable. Información d",,,,,,unknown,
🎉¡Aniversario Carrefour!🎉,"🎉¡Aniversario Carrefour!🎉 Hasta 12 CSI y Hasta 30% OFF en Seleccionados de Electrodomesticos | Ver productos ** ELEGÍ TU MÉTODO DE ENTREGA App Carrefour Promociones Mi Carrefour Sucursales Disponibilidad de entrega Categorías Buscá de todo en Carrefour Entrega inmediata Favoritos Ingresar Volver Bebidas Gaseosas Gaseosas pomelo Gaseosa pomelo Paso de los Toros 2,25 lts Paso De Los Toros Gaseosa pomelo Paso de los Toros 2,25 lts Promedio 4.78 83 ¡Calificá este producto! $ 1 . 871 , 11 1 L. 2do al 70% Max 48 Unidades Iguales Precio sin Impuestos Nacionales: $ 3.515,58 c/u No Disponible Cambios y Devoluciones Descripción Especificaciones técnicas Descripción del producto Gaseosa saborizada sabor pomelo. La mejor alternativa para sacar la sed. Acerca de tu privacidad Al brindar tu consentimiento autorizas en forma libre, expresa e informada a que INC S.A. y/o sus sociedades sucesoras y/o cesionarias y/o accionistas y/o controlantes y/o controladas hagan uso y/o traten, por sí o por intermedio de terceros, tus datos personales. Se utilizarán aquellos datos personales estrictamente necesarios para el objetivo perseguido: establecer canales de contacto, hábitos de consumo y elaboración de perfiles determinados con fines promocionales, comerciales o publicitarios, pudiendo recibir, en virtud de la autorización otorgada, publicidad sobre productos, servicios, ofertas y promociones especiales, todo ello a fin de mejorar la comercialización de los productos y servicios a través de nuestro Sitio. En función del consentimiento otorgado esta información se va a compartir –nacional e internacionalmente- con las sociedades sucesoras y/o cesionarias y/o las sociedades accionistas y/o controlantes y/o controladas de INC S.A. (Grupo Carrefour) y los terceros que por intermedio de INC S.A. realicen el tratamiento de los datos personales. Podés personalizar tu consentimiento teniendo en cuenta cada uno se los objetivos en particular que se detallan para cada cookie. Las opciones que eli",,1,,,,unknown,
🎉¡Aniversario Carrefour!🎉,"🎉¡Aniversario Carrefour!🎉 Hasta 12 CSI y Hasta 30% OFF en Seleccionados de Electrodomesticos | Ver productos ** ELEGÍ TU MÉTODO DE ENTREGA App Carrefour Promociones Mi Carrefour Sucursales Disponibilidad de entrega Categorías Buscá de todo en Carrefour Entrega inmediata Favoritos Ingresar Volver Bebidas Gaseosas Gaseosas cola Gaseosa cola Cunnington classic pet 2,25 lts Cunnington Gaseosa cola Cunnington classic pet 2,25 lts Promedio 5.00 14 ¡Calificá este producto! $ 888 , 44 1 L. $ 1 . 999 , 00 Precio sin Impuestos Nacionales: $ 1.665,67 c/u Agregar Cambios y Devoluciones Especificaciones técnicas Especificaciones técnicas Propiedad Especificación EAN 7790639003437 Tipo de producto Gaseosa Surtido Modalidad Venta Seller Mostrar más Acerca de tu privacidad Al brindar tu consentimiento autorizas en forma libre, expresa e informada a que INC S.A. y/o sus sociedades sucesoras y/o cesionarias y/o accionistas y/o controlantes y/o controladas hagan uso y/o traten, por sí o por intermedio de terceros, tus datos personales. Se utilizarán aquellos datos personales estrictamente necesarios para el objetivo perseguido: establecer canales de contacto, hábitos de consumo y elaboración de perfiles determinados con fines promocionales, comerciales o publicitarios, pudiendo recibir, en virtud de la autorización otorgada, publicidad sobre productos, servicios, ofertas y promociones especiales, todo ello a fin de mejorar la comercialización de los productos y servicios a través de nuestro Sitio. En función del consentimiento otorgado esta información se va a compartir –nacional e internacionalmente- con las sociedades sucesoras y/o cesionarias y/o las sociedades accionistas y/o controlantes y/o controladas de INC S.A. (Grupo Carrefour) y los terceros que por intermedio de INC S.A. realicen el tratamiento de los datos personales. Podés personalizar tu consentimiento teniendo en cuenta cada uno se los objetivos en particular que se detallan para cada cookie. Las opciones que elijas se",,888,,,,unknown,
🎉¡Aniversario Carrefour!🎉,"🎉¡Aniversario Carrefour!🎉 Hasta 12 CSI y Hasta 30% OFF en Seleccionados de Electrodomesticos | Ver productos ** ELEGÍ TU MÉTODO DE ENTREGA App Carrefour Promociones Mi Carrefour Sucursales Disponibilidad de entrega Categorías Buscá de todo en Carrefour Entrega inmediata Favoritos Ingresar Volver Bebidas Gaseosas Gaseosas cola Gaseosa cola Carrefour Classic 2,25 lts Carrefour Gaseosa cola Carrefour Classic 2,25 lts Promedio 4.75 32 ¡Calificá este producto! $ 684 , 44 1 L. Mi CRF $ 1 . 540 , 00 c/u $ 1 . 750 , 00 Precio sin Impuestos Nacionales: $ 1.459,91 c/u Agregar Cambios y Devoluciones Descripción Especificaciones técnicas Descripción del producto ✅ Características Destacadas ✔️ Producto de la línea Carrefour, pensado para tus necesidades diarias. ✔️ Presentación: formato práctico. ✔️ Perfecto para quienes valoran calidad y confianza en gaseosas cola. ✔️ Disponible en Carrefour para facilitar tu compra. Acerca de tu privacidad Al brindar tu consentimiento autorizas en forma libre, expresa e informada a que INC S.A. y/o sus sociedades sucesoras y/o cesionarias y/o accionistas y/o controlantes y/o controladas hagan uso y/o traten, por sí o por intermedio de terceros, tus datos personales. Se utilizarán aquellos datos personales estrictamente necesarios para el objetivo perseguido: establecer canales de contacto, hábitos de consumo y elaboración de perfiles determinados con fines promocionales, comerciales o publicitarios, pudiendo recibir, en virtud de la autorización otorgada, publicidad sobre productos, servicios, ofertas y promociones especiales, todo ello a fin de mejorar la comercialización de los productos y servicios a través de nuestro Sitio. En función del consentimiento otorgado esta información se va a compartir –nacional e internacionalmente- con las sociedades sucesoras y/o cesionarias y/o las sociedades accionistas y/o controlantes y/o controladas de INC S.A. (Grupo Carrefour) y los terceros que por intermedio de INC S.A. realicen el tratamiento de lo",,684,,,,unknown,
🎉¡Aniversario Carrefour!🎉,"🎉¡Aniversario Carrefour!🎉 Hasta 12 CSI y Hasta 30% OFF en Seleccionados de Electrodomesticos | Ver productos ** ELEGÍ TU MÉTODO DE ENTREGA App Carrefour Promociones Mi Carrefour Sucursales Disponibilidad de entrega Categorías Buscá de todo en Carrefour Entrega inmediata Favoritos Ingresar papas Filtros Departamento Almacén (194) Bazar y textil (2) Bebidas (6) Congelados (21) Electro y tecnología (15) Frutas y verduras (6) Juguetería y Librería (1) Lácteos y productos frescos (4) Mundo Bebé (6) Panadería (4) Perfumería (4) Marca Carrefour (45) Alco (1) Alicante (4) Arcor (3) BC (2) Belvedere (1) Bimbo (2) Bulnez (9) Cheetos (3) Chef (1) Coca Cola (4) Corper (1) Dicomere (1) Don Francisco (1) Doña Pupa (1) Elvive (4) Emeth (1) Fary Home (1) Frams (3) Frutita (1) Ver más 24 Categoría Alimento para bebé (6) Audio (3) Bebidas blancas (1) Caldos, sopas y puré (67) Celulares (12) Cocina y comedor (2) Comidas y panificados (1) Cuidado del cabello (4) Dulce de membrillo y otros dulces (1) Elaboración Carrefour (1) Enlatados y Conservas (20) Espumantes y sidras (1) Gaseosas (4) Harinas (4) Libros (1) Nuggets y rebozados (1) Panificados (3) Papas (19) Pastas secas (1) Snacks (102) Ver más 2 Sub-Categoría Accesorios de celulares (12) Acondicionadores (2) Auriculares (1) Caldos (27) Cereales y papillas (4) Conservas de legumbres y vegetales (3) Conservas y salsas de tomate (17) Cubiertos y utensilios (2) Especialidades saladas (1) Gaseosas cola (4) Infantiles (1) Nachos, maní y palitos (4) Otras harinas (2) Otros snacks salados (8) Pan para hamburguesas y panchos (3) Papas fritas y snacks de maíz (90) Parlantes portátiles (2) Pastas secas rellenas y listas (1) Premezclas saladas (2) Purés instantáneos (12) Ver más 4 Tipo de producto Acondicionador (2) Ananá fizz (1) Auriculares (1) Batatas fritas (1) Bocaditos de papa (1) Cable USB (4) Caldo (7) Caldo de carne (4) Caldo de gallina (5) Caldo de verdura (6) Cargador inalámbrico (2) Cargador portátil (3) Chips de papas rústicas (1)",,599.00,,,,unknown,
🎉¡Aniversario Carrefour!🎉,"🎉¡Aniversario Carrefour!🎉 Hasta 12 CSI y Hasta 30% OFF en Seleccionados de Electrodomesticos | Ver productos ** ELEGÍ TU MÉTODO DE ENTREGA App Carrefour Promociones Mi Carrefour Sucursales Disponibilidad de entrega Categorías Buscá de todo en Carrefour Entrega inmediata Favoritos Ingresar Volver Frutas y verduras Verduras Tomate redondo en racimo Huella Natural x kg. Huella Natural Tomate redondo en racimo Huella Natural x kg. Promedio 4.33 3 ¡Calificá este producto! $ 5 . 999 , 00 1 K. $ 5 . 999 , 00 Precio sin Impuestos Nacionales: $ 5.428,96 c/u Agregar Cambios y Devoluciones Descripción Especificaciones técnicas Descripción del producto Acerca de tu privacidad Al brindar tu consentimiento autorizas en forma libre, expresa e informada a que INC S.A. y/o sus sociedades sucesoras y/o cesionarias y/o accionistas y/o controlantes y/o controladas hagan uso y/o traten, por sí o por intermedio de terceros, tus datos personales. Se utilizarán aquellos datos personales estrictamente necesarios para el objetivo perseguido: establecer canales de contacto, hábitos de consumo y elaboración de perfiles determinados con fines promocionales, comerciales o publicitarios, pudiendo recibir, en virtud de la autorización otorgada, publicidad sobre productos, servicios, ofertas y promociones especiales, todo ello a fin de mejorar la comercialización de los productos y servicios a través de nuestro Sitio. En función del consentimiento otorgado esta información se va a compartir –nacional e internacionalmente- con las sociedades sucesoras y/o cesionarias y/o las sociedades accionistas y/o controlantes y/o controladas de INC S.A. (Grupo Carrefour) y los terceros que por intermedio de INC S.A. realicen el tratamiento de los datos personales. Podés personalizar tu consentimiento teniendo en cuenta cada uno se los objetivos en particular que se detallan para cada cookie. Las opciones que elijas serán debidamente informadas a quien corresponda. Más información Aceptar todo Gestionar las pref",,5,,,,unknown,
¡Nueva tarjeta de crédito HEB Afirme!,"¡Nueva tarjeta de crédito HEB Afirme! Consigue la tuya aquí Elige método de entrega Buscar productos Mis listas Mis pedidos Iniciar sesión $0 Pasillos Promociones exclusivas con Nuevos Productos Vive Saludable Mascotas Exclusivos en línea Live Promociones Aceites y Mantecas Aceites Vegetales y de Semillas Aceite Vegetal Comestible 900 Ml Aceite Vegetal Comestible 900 Ml ☆ ☆ ☆ ☆ ☆ (0) Por favor, inicia sesión para escribir un comentario. KARTAMUS Referencia : 192033 $34.90 . ＋ － Agregar Promociones bancarias Obtén un 5% de cashback en todas tus compras en heb.com.mx y nuestra app con la tarjeta de crédito HEB Afirme . Solicítala aquí Métodos de entrega Pick&Go Delivery Compartir Descripción Reseñas Tipo de producto Aceite vegetal Marca Kartamus Denominación/Variedad Comestible Contenido neto 900 ml Presentación Botella País de origen México Advertencias de almacenamiento Consérvese cerrado en un lugar fresco Ingredientes Este producto contiene dos o más de los siguientes aceites vegetales: canola, soya, girasol, cártamo y antioxidante TBHQ no mayor a 0.02% Alérgenos declarados Soya Suscríbete a nuestro Newsletter y entérate de las ofertas y lanzamientos. Suscríbete a nuestro Newsletter y entérate de las ofertas y lanzamientos. Suscríbete Aviso de Privacidad | Términos y Condiciones | Politica de Devoluciones | Términos y Condiciones: Cupones y Promociones | Promociones Bancarias © 2024 H-E-B México - TODOS LOS DERECHOS RESERVADOS",,0,,,,unknown,
🎉¡Aniversario Carrefour!🎉,"🎉¡Aniversario Carrefour!🎉 Hasta 12 CSI y Hasta 30% OFF en Seleccionados de Electrodomesticos | Ver productos ** ELEGÍ TU MÉTODO DE ENTREGA App Carrefour Promociones Mi Carrefour Sucursales Disponibilidad de entrega Categorías Buscá de todo en Carrefour Entrega inmediata Favoritos Ingresar Volver Frutas y verduras Verduras Tomate racimo 500 g. Genérico Tomate racimo 500 g. Sin calificaciones previas 0 ¡Calificá este producto! $ 11 . 998 , 00 1 K. $ 5 . 999 , 00 Precio sin Impuestos Nacionales: $ 5.428,96 c/u Agregar Cambios y Devoluciones Especificaciones técnicas Especificaciones técnicas Propiedad Especificación EAN 7797942001938 Tipo de producto Tomate Surtido Modalidad Venta Seller Mostrar más Acerca de tu privacidad Al brindar tu consentimiento autorizas en forma libre, expresa e informada a que INC S.A. y/o sus sociedades sucesoras y/o cesionarias y/o accionistas y/o controlantes y/o controladas hagan uso y/o traten, por sí o por intermedio de terceros, tus datos personales. Se utilizarán aquellos datos personales estrictamente necesarios para el objetivo perseguido: establecer canales de contacto, hábitos de consumo y elaboración de perfiles determinados con fines promocionales, comerciales o publicitarios, pudiendo recibir, en virtud de la autorización otorgada, publicidad sobre productos, servicios, ofertas y promociones especiales, todo ello a fin de mejorar la comercialización de los productos y servicios a través de nuestro Sitio. En función del consentimiento otorgado esta información se va a compartir –nacional e internacionalmente- con las sociedades sucesoras y/o cesionarias y/o las sociedades accionistas y/o controlantes y/o controladas de INC S.A. (Grupo Carrefour) y los terceros que por intermedio de INC S.A. realicen el tratamiento de los datos personales. Podés personalizar tu consentimiento teniendo en cuenta cada uno se los objetivos en particular que se detallan para cada cookie. Las opciones que elijas serán debidamente informadas a quien cor",,11,,,,unknown,
Loading...,"Loading... ¿Sabías que tu navegador está desactualizado? Para evitar errores y tener la mejor experiencia de compra en nuestra web, actualizá tu navegador haciendo click acá. ¡Servicio Express! Comprá Retirá o recibí tu pedido en menos de 24 hs! (*Sujeto a disponibilidad) Código de ética Buscar por Lista Mi Cuenta Lácteos Leches Leches Refrigeradas Leche Entera La Serenísima 3sachet 1lt Agregar a la lista Leche Entera La Serenísima 3sachet 1lt LA SERENISIMA SKU : 21110102069 laburando Precio regular : $ PRECIO SIN IMPUESTOS NACIONALES: $ 1.611,57 Medios de pago disponibles Promociones bancarias Ver todas Condiciones para cambios y devoluciones Certificados Ver todos Su carrito se encuentra vacío Descripción Información Nutricional Especificaciones Leche Multivitaminas 3% La Serenisima Sachet 1L Leche ultrapasteurizada homogeneizada, fortificada con vitaminas A y D. Libre de gluten. Funte de vitaminas C y E.. Ingredientes Leche entera, vitamina a, vitamina d, vitamina b6, vitamina b9, leche Características Destacadas Tipo de Producto Leche Entera País de Origen Argentina Origen Nacional Loading...",,1611.57,,,,unknown,
Loading...,"Loading... ¿Sabías que tu navegador está desactualizado? Para evitar errores y tener la mejor experiencia de compra en nuestra web, actualizá tu navegador haciendo click acá. ¡Servicio Express! Comprá Retirá o recibí tu pedido en menos de 24 hs! (*Sujeto a disponibilidad) Código de ética Buscar por Lista Mi Cuenta ¡Ups! Parece que esta góndola está vacía... Es probable que haya cambiado su nombre o ya no esté disponible. Volver al inicio Productos destacados Ver todos los productos Compra rápida Ver Producto Queso Barra Jumbo Tripack X Kg Jumbo laburando Precio regular : $ PRECIO SIN IMPUESTOS NACIONALES: $ 11.487,6 Compra rápida Ver Producto Queso Crema Clásico 500 Gr Casancrem laburando Precio regular : $ PRECIO SIN IMPUESTOS NACIONALES: $ 6.859,5 Compra rápida Ver Producto Queso En Fetas Danbo 200 Grs Cuisine & Co laburando Precio regular : $ PRECIO SIN IMPUESTOS NACIONALES: $ 16.446,28 Compra rápida Ver Producto Queso Rallado La Paulina 150 Gr laburando Precio regular : $ PRECIO SIN IMPUESTOS NACIONALES: $ 4.421,49 Compra rápida Ver Producto Queso Parmesano La Paulina 1kg laburando Precio regular : $ PRECIO SIN IMPUESTOS NACIONALES: $ 16.520,66 ¡Suscribite, sé el primero en conocer nuestras mejores ofertas y novedades! Sí, quiero suscribirme Ahora no",,11487.6,,,,unknown,
"¿Sabías que tu navegador está desactualizado? Para evitar errores y tener la mejor experiencia de compra en nuestra web,","¿Sabías que tu navegador está desactualizado? Para evitar errores y tener la mejor experiencia de compra en nuestra web, actualizá tu navegador haciendo click acá. ¡Servicio Express! Comprá Retirá o recibí tu pedido en menos de 24 hs! (*Sujeto a disponibilidad) Seleccioná el método de entrega Seleccioná el método de entrega Código de ética Buscar... Buscar por Lista Mi Cuenta Lácteos Leches Leches Larga Vida Leche Tregar Enterax 1 Litro Agregar a la lista Leche Tregar Enterax 1 Litro TREGAR SKU : 21120154001 espacio $2.100 laburando Precio regular x lt.: $2.100 PRECIO SIN IMPUESTOS NACIONALES: $ 1.735,54 Tipo de Producto: Leche Entera País de Origen: Argentina Contenido: 1 L Origen: Nacional Ver más características Agregar Medios de pago disponibles Promociones bancarias Ver todas Condiciones para cambios y devoluciones Certificados Su carrito se encuentra vacío Descripción Especificaciones Ingredientes Leche fluida entera, estabilizante ins 339iii, estabilizante ins 339i, vitamina a, vitamina d, leche Características Destacadas Tipo de Producto Leche Entera País de Origen Argentina Contenido 1 L Origen Nacional Variedad Entera Términos más buscados 1. cafe 2. cerveza 3. leche 4. indumentaria 5. heladera 6. yogur 7. queso 8. aire acondicionado 9. galletitas 10. yerba",,2100,,,,unknown,
"¿Sabías que tu navegador está desactualizado? Para evitar errores y tener la mejor experiencia de compra en nuestra web,","¿Sabías que tu navegador está desactualizado? Para evitar errores y tener la mejor experiencia de compra en nuestra web, actualizá tu navegador haciendo click acá. ¡Servicio Express! Comprá Retirá o recibí tu pedido en menos de 24 hs! (*Sujeto a disponibilidad) Seleccioná el método de entrega Seleccioná el método de entrega Código de ética Buscar... Buscar por Lista Mi Cuenta Lácteos Leches Leches Larga Vida Leche Manfrey Entera U.a.t. Sin Atributo Sin Atributo Sin Atributo Sin Atributo Agregar a la lista Leche Manfrey Entera U.a.t. Sin Atributo Sin Atributo Sin Atributo Sin Atributo MANFREY SKU : 21120117001 Llevando 3 $1.400 c/u $2.100 Precio regular x lt.: $2.100 PRECIO SIN IMPUESTOS NACIONALES: $ 1.735,54 Tipo de Producto: Leche Entera País de Origen: Argentina Origen: Nacional Ver más características Agregar Medios de pago disponibles Promociones bancarias Ver todas Condiciones para cambios y devoluciones Certificados Su carrito se encuentra vacío Descripción Especificaciones Ingredientes Leche entera, estabilizante ins 452(i), vitamina a, vitamina d, leche Características Destacadas Tipo de Producto Leche Entera País de Origen Argentina Origen Nacional Términos más buscados 1. cafe 2. cerveza 3. leche 4. indumentaria 5. heladera 6. yogur 7. queso 8. aire acondicionado 9. galletitas 10. yerba",,1400,,,,unknown,
"¿Sabías que tu navegador está desactualizado? Para evitar errores y tener la mejor experiencia de compra en nuestra web,","¿Sabías que tu navegador está desactualizado? Para evitar errores y tener la mejor experiencia de compra en nuestra web, actualizá tu navegador haciendo click acá. ¡Servicio Express! Comprá Retirá o recibí tu pedido en menos de 24 hs! (*Sujeto a disponibilidad) Código de ética Buscar... Buscar por Lista Mi Cuenta Lácteos Leches Leches Larga Vida Leche Entera Lechelita Uat 1 L Agregar a la lista Leche Entera Lechelita Uat 1 L LECHELITA SKU : 21120164001 Producto sin stock espacio $NaN laburando Precio regular x lt.: $2.450 PRECIO SIN IMPUESTOS NACIONALES: $ 2.024,79 Tipo de Producto: Leche Entera País de Origen: Argentina Origen: Nacional Ver más características Sin Stock AGREGAR Este producto no está disponible en este momento Quiero que me avisen cuando esté disponible Enviar Medios de pago disponibles Promociones bancarias Ver todas Condiciones para cambios y devoluciones Certificados Su carrito se encuentra vacío Descripción Especificaciones Ingredientes Leche entera, vitamina a, vitamina d, tripolifosfato de sodio, leche Características Destacadas Tipo de Producto Leche Entera País de Origen Argentina Origen Nacional",,2450,,,,unknown,
"¿Sabías que tu navegador está desactualizado? Para evitar errores y tener la mejor experiencia de compra en nuestra web,","¿Sabías que tu navegador está desactualizado? Para evitar errores y tener la mejor experiencia de compra en nuestra web, actualizá tu navegador haciendo click acá. ¡Servicio Express! Comprá Retirá o recibí tu pedido en menos de 24 hs! (*Sujeto a disponibilidad) Seleccioná el método de entrega Seleccioná el método de entrega Código de ética Buscar... Buscar por Lista Mi Cuenta ¡Ups! Parece que esta góndola está vacía... Es probable que haya cambiado su nombre o ya no esté disponible. Volver al inicio Productos destacados Ver todos los productos Compra rápida Ver Producto LA SERENÍSIMA CREMÓN Queso Cremon Cremoso La Serenisima Fraccionado Aprox 1 Kg espacio $13.500 laburando Precio regular x kg.: $13.500 PRECIO SIN IMPUESTOS NACIONALES: $11.157,02 Agregar Compra rápida Ver Producto JUMBO Queso Barra Jumbo Tripack X Kg Jumbo espacio $13.900 laburando Precio regular x kg.: $13.900 PRECIO SIN IMPUESTOS NACIONALES: $11.487,6 Agregar Compra rápida Ver Producto CASANCREM Queso Crema Clásico 500 Gr Casancrem Llevando 2 $6.225 c/u $8.300 Precio regular x kg.: $16.600 PRECIO SIN IMPUESTOS NACIONALES: $6.859,5 Agregar Compra rápida Ver Producto Cuisine & CO Queso En Fetas Danbo 200 Grs Cuisine & Co espacio $19.900 laburando Precio regular x kg.: $19.900 PRECIO SIN IMPUESTOS NACIONALES: $16.446,28 Agregar Compra rápida Ver Producto LA PAULINA Queso Rallado La Paulina 150 Gr espacio $5.350 laburando Precio regular x kg.: $35.666,67 PRECIO SIN IMPUESTOS NACIONALES: $4.421,49 Agregar Términos más buscados 1. cafe 2. cerveza 3. leche 4. indumentaria 5. heladera 6. yogur 7. queso 8. aire acondicionado 9. galletitas 10. yerba",,13500,,,,unknown,
"¿Sabías que tu navegador está desactualizado? Para evitar errores y tener la mejor experiencia de compra en nuestra web,","¿Sabías que tu navegador está desactualizado? Para evitar errores y tener la mejor experiencia de compra en nuestra web, actualizá tu navegador haciendo click acá. ¡Servicio Express! Comprá Retirá o recibí tu pedido en menos de 24 hs! (*Sujeto a disponibilidad) Seleccioná el método de entrega Seleccioná el método de entrega Código de ética Buscar... Buscar por Lista Mi Cuenta ¡Ups! Parece que esta góndola está vacía... Es probable que haya cambiado su nombre o ya no esté disponible. Volver al inicio Productos destacados Ver todos los productos Compra rápida Ver Producto LA SERENÍSIMA CREMÓN Queso Cremon Cremoso La Serenisima Fraccionado Aprox 1 Kg espacio $13.500 laburando Precio regular x kg.: $13.500 PRECIO SIN IMPUESTOS NACIONALES: $11.157,02 Agregar Compra rápida Ver Producto JUMBO Queso Barra Jumbo Tripack X Kg Jumbo espacio $13.900 laburando Precio regular x kg.: $13.900 PRECIO SIN IMPUESTOS NACIONALES: $11.487,6 Agregar Compra rápida Ver Producto CASANCREM Queso Crema Clásico 500 Gr Casancrem espacio $8.300 laburando Precio regular x kg.: $16.600 PRECIO SIN IMPUESTOS NACIONALES: $6.859,5 Agregar Compra rápida Ver Producto Cuisine & CO Queso En Fetas Danbo 200 Grs Cuisine & Co espacio $19.900 laburando Precio regular x kg.: $19.900 PRECIO SIN IMPUESTOS NACIONALES: $16.446,28 Agregar Compra rápida Ver Producto LA PAULINA Queso Rallado La Paulina 150 Gr espacio $5.350 laburando Precio regular x kg.: $35.666,67 PRECIO SIN IMPUESTOS NACIONALES: $4.421,49 Agregar",,13500,,,,unknown,
"¿Sabías que tu navegador está desactualizado? Para evitar errores y tener la mejor experiencia de compra en nuestra web,","¿Sabías que tu navegador está desactualizado? Para evitar errores y tener la mejor experiencia de compra en nuestra web, actualizá tu navegador haciendo click acá. ¡Servicio Express! Comprá Retirá o recibí tu pedido en menos de 24 hs! (*Sujeto a disponibilidad) Seleccioná el método de entrega Seleccioná el método de entrega Código de ética Buscar... Buscar por Lista Mi Cuenta Almacén Panificados Lacteados Pan De Mesa Tradicional La Perla 330 Gr Agregar a la lista Pan De Mesa Tradicional La Perla 330 Gr LA PERLA SKU : 21710129003 espacio $2.900 laburando Precio regular x kg.: $8.787,88 PRECIO SIN IMPUESTOS NACIONALES: $ 2.396,69 Tipo de Producto: Pan de Molde País de Origen: Argentina Origen: Nacional Ver más características Agregar Medios de pago disponibles Promociones bancarias Ver todas Condiciones para cambios y devoluciones Certificados Ver todos Su carrito se encuentra vacío Descripción Especificaciones Ingredientes Harina 000, hierro, ácido fólico, tiamina (b1), riboflavina (b2), niacina, agua, azúcar, aceite vegetal, levadura, sal, gluten, malta, emu ins 471, cons ins 282, derivados de trigo Puede contener Leche Características Destacadas Tipo de Producto Pan de Molde País de Origen Argentina Origen Nacional Términos más buscados 1. cafe 2. cerveza 3. leche 4. indumentaria 5. heladera 6. yogur 7. queso 8. aire acondicionado 9. galletitas 10. yerba",,2900,,,,unknown,
"¿Sabías que tu navegador está desactualizado? Para evitar errores y tener la mejor experiencia de compra en nuestra web,","¿Sabías que tu navegador está desactualizado? Para evitar errores y tener la mejor experiencia de compra en nuestra web, actualizá tu navegador haciendo click acá. ¡Servicio Express! Comprá Retirá o recibí tu pedido en menos de 24 hs! (*Sujeto a disponibilidad) Seleccioná el método de entrega Seleccioná el método de entrega Código de ética Buscar... Buscar por Lista Mi Cuenta ¡Ups! Parece que esta góndola está vacía... Es probable que haya cambiado su nombre o ya no esté disponible. Volver al inicio Productos destacados Ver todos los productos Compra rápida Ver Producto LA SERENÍSIMA CREMÓN Queso Cremon Cremoso La Serenisima Fraccionado Aprox 1 Kg espacio $NaN laburando Precio regular x kg.: $13.500 PRECIO SIN IMPUESTOS NACIONALES: $11.157,02 Sin Stock Compra rápida Ver Producto JUMBO Queso Barra Jumbo Tripack X Kg Jumbo espacio $13.900 laburando Precio regular x kg.: $13.900 PRECIO SIN IMPUESTOS NACIONALES: $11.487,6 Agregar Compra rápida Ver Producto CASANCREM Queso Crema Clásico 500 Gr Casancrem Llevando 2 $6.225 c/u 2do al 50% $8.300 Precio regular x kg.: $16.600 PRECIO SIN IMPUESTOS NACIONALES: $6.859,5 Agregar Compra rápida Ver Producto Cuisine & CO Queso En Fetas Danbo 200 Grs Cuisine & Co espacio $19.900 laburando Precio regular x kg.: $19.900 PRECIO SIN IMPUESTOS NACIONALES: $16.446,28 Agregar Compra rápida Ver Producto LA PAULINA Queso Rallado La Paulina 150 Gr espacio $5.350 laburando Precio regular x kg.: $35.666,67 PRECIO SIN IMPUESTOS NACIONALES: $4.421,49 Agregar Términos más buscados 1. cafe 2. cerveza 3. leche 4. indumentaria 5. heladera 6. yogur 7. queso 8. aire acondicionado 9. galletitas 10. yerba",,13500,,,,unknown,
¡Nueva tarjeta de crédito HEB Afirme!,"¡Nueva tarjeta de crédito HEB Afirme! Consigue la tuya aquí Elige método de entrega Buscar productos Mis listas Mis pedidos Iniciar sesión $0 Pasillos Promociones exclusivas con Nuevos Productos Vive Saludable Mascotas Exclusivos en línea Live Promociones Aceites y Mantecas Aceites Vegetales y de Semillas Aceite Comestible Puro de Cartamo 750 Ml Aceite Comestible Puro de Cartamo 750 Ml ☆ ☆ ☆ ☆ ☆ (0) Por favor, inicia sesión para escribir un comentario. CAPULLO Referencia : 969223 $54.00 . ＋ － Agregar Promociones bancarias Obtén un 5% de cashback en todas tus compras en heb.com.mx y nuestra app con la tarjeta de crédito HEB Afirme . Solicítala aquí Métodos de entrega Pick&Go Delivery Compartir Reseñas Comentarios ☆ ☆ ☆ ☆ ☆ 0 Calificación promedio (0 comentarios) Por favor, inicia sesión para escribir un comentario. Más reciente Ordenar por: Más reciente Más antiguo Calificación más alta Calificación más baja Todos Filtrar por: Todos 1 estrella 2 estrellas 3 estrellas 4 estrellas 5 estrellas No hay comentarios. Suscríbete a nuestro Newsletter y entérate de las ofertas y lanzamientos. Suscríbete a nuestro Newsletter y entérate de las ofertas y lanzamientos. Suscríbete Aviso de Privacidad | Términos y Condiciones | Politica de Devoluciones | Términos y Condiciones: Cupones y Promociones | Promociones Bancarias © 2024 H-E-B México - TODOS LOS DERECHOS RESERVADOS",,0,,,,unknown,
"¿Sabías que tu navegador está desactualizado? Para evitar errores y tener la mejor experiencia de compra en nuestra web,","¿Sabías que tu navegador está desactualizado? Para evitar errores y tener la mejor experiencia de compra en nuestra web, actualizá tu navegador haciendo click acá. ¡Servicio Express! Comprá Retirá o recibí tu pedido en menos de 24 hs! (*Sujeto a disponibilidad) Seleccioná el método de entrega Seleccioná el método de entrega Código de ética Buscar... Buscar por Lista Mi Cuenta ¡Ups! Parece que esta góndola está vacía... Es probable que haya cambiado su nombre o ya no esté disponible. Volver al inicio Productos destacados Ver todos los productos Compra rápida Ver Producto LA SERENÍSIMA CREMÓN Queso Cremon Cremoso La Serenisima Fraccionado Aprox 1 Kg espacio $NaN laburando Precio regular x kg.: $13.500 PRECIO SIN IMPUESTOS NACIONALES: $11.157,02 Sin Stock Compra rápida Ver Producto JUMBO Queso Barra Jumbo Tripack X Kg Jumbo espacio $13.900 laburando Precio regular x kg.: $13.900 PRECIO SIN IMPUESTOS NACIONALES: $11.487,6 Agregar Compra rápida Ver Producto CASANCREM Queso Crema Clásico 500 Gr Casancrem Llevando 2 $6.225 c/u $8.300 Precio regular x kg.: $16.600 PRECIO SIN IMPUESTOS NACIONALES: $6.859,5 Agregar Compra rápida Ver Producto Cuisine & CO Queso En Fetas Danbo 200 Grs Cuisine & Co espacio $19.900 laburando Precio regular x kg.: $19.900 PRECIO SIN IMPUESTOS NACIONALES: $16.446,28 Agregar Compra rápida Ver Producto LA PAULINA Queso Rallado La Paulina 150 Gr espacio $5.350 laburando Precio regular x kg.: $35.666,67 PRECIO SIN IMPUESTOS NACIONALES: $4.421,49 Agregar Términos más buscados 1. cafe 2. cerveza 3. leche 4. indumentaria 5. heladera 6. yogur 7. queso 8. aire acondicionado 9. galletitas 10. yerba",,13500,,,,unknown,
"¿Sabías que tu navegador está desactualizado? Para evitar errores y tener la mejor experiencia de compra en nuestra web,","¿Sabías que tu navegador está desactualizado? Para evitar errores y tener la mejor experiencia de compra en nuestra web, actualizá tu navegador haciendo click acá. ¡Servicio Express! Comprá Retirá o recibí tu pedido en menos de 24 hs! (*Sujeto a disponibilidad) Seleccioná el método de entrega Seleccioná el método de entrega Código de ética Buscar... Buscar por Lista Mi Cuenta ¡Ups! Parece que esta góndola está vacía... Es probable que haya cambiado su nombre o ya no esté disponible. Volver al inicio Productos destacados Ver todos los productos Compra rápida Ver Producto LA SERENÍSIMA CREMÓN Queso Cremon Cremoso La Serenisima Fraccionado Aprox 1 Kg espacio $NaN laburando Precio regular x kg.: $13.500 PRECIO SIN IMPUESTOS NACIONALES: $11.157,02 Sin Stock Compra rápida Ver Producto JUMBO Queso Barra Jumbo Tripack X Kg Jumbo espacio $13.900 laburando Precio regular x kg.: $13.900 PRECIO SIN IMPUESTOS NACIONALES: $11.487,6 Agregar Compra rápida Ver Producto CASANCREM Queso Crema Clásico 500 Gr Casancrem Llevando 2 $6.225 c/u $8.300 Precio regular x kg.: $16.600 PRECIO SIN IMPUESTOS NACIONALES: $6.859,5 Agregar Compra rápida Ver Producto Cuisine & CO Queso En Fetas Danbo 200 Grs Cuisine & Co espacio $19.900 laburando Precio regular x kg.: $19.900 PRECIO SIN IMPUESTOS NACIONALES: $16.446,28 Agregar Compra rápida Ver Producto LA PAULINA Queso Rallado La Paulina 150 Gr espacio $5.350 laburando Precio regular x kg.: $35.666,67 PRECIO SIN IMPUESTOS NACIONALES: $4.421,49 Agregar Términos más buscados 1. cafe 2. cerveza 3. leche 4. indumentaria 5. heladera 6. yogur 7. queso 8. aire acondicionado 9. galletitas 10. yerba",,13500,,,,unknown,
"¿Sabías que tu navegador está desactualizado? Para evitar errores y tener la mejor experiencia de compra en nuestra web,","¿Sabías que tu navegador está desactualizado? Para evitar errores y tener la mejor experiencia de compra en nuestra web, actualizá tu navegador haciendo click acá. ¡Servicio Express! Comprá Retirá o recibí tu pedido en menos de 24 hs! (*Sujeto a disponibilidad) Seleccioná el método de entrega Seleccioná el método de entrega Código de ética Buscar... Buscar por Lista Mi Cuenta Almacén Desayuno y Merienda Azucar Premium Refinada Chango X 1 Kg Agregar a la lista Azucar Premium Refinada Chango X 1 Kg CHANGO SKU : 11350102005 Producto sin stock espacio $NaN laburando Precio regular x kg.: $1.300 PRECIO SIN IMPUESTOS NACIONALES: $ 1.074,38 Tipo de Producto: Azúcar Molida País de Origen: Argentina Origen: Nacional Ver más características Sin Stock AGREGAR Este producto no está disponible en este momento Quiero que me avisen cuando esté disponible Enviar Medios de pago disponibles Promociones bancarias Ver todas Condiciones para cambios y devoluciones Certificados Su carrito se encuentra vacío Descripción Especificaciones Azucar Premium Refinada Chango X 1 Kg Este producto es una excelente elección para sumar calidad y practicidad a tu día a día. Porque elegir Azucar Premium Refinada Chango X 1 Kg Fácil de usar y pensado para vos Diseñado para mejorar tu experiencia Calidad garantizada en cada uso Sumalo a tu rutina y disfrutá sus beneficios desde el primer uso. Compralo ahora con envío a domicilio o retiro en tienda. Ingredientes Azúcar blanca refinada Características Destacadas Tipo de Producto Azúcar Molida País de Origen Argentina Origen Nacional",,1300,,,,unknown,
"¿Sabías que tu navegador está desactualizado? Para evitar errores y tener la mejor experiencia de compra en nuestra web,","¿Sabías que tu navegador está desactualizado? Para evitar errores y tener la mejor experiencia de compra en nuestra web, actualizá tu navegador haciendo click acá. ¡Servicio Express! Comprá Retirá o recibí tu pedido en menos de 24 hs! (*Sujeto a disponibilidad) Seleccioná el método de entrega Seleccioná el método de entrega Código de ética Buscar... Buscar por Lista Mi Cuenta ¡Ups! Parece que esta góndola está vacía... Es probable que haya cambiado su nombre o ya no esté disponible. Volver al inicio Productos destacados Ver todos los productos Compra rápida Ver Producto LA SERENÍSIMA CREMÓN Queso Cremon Cremoso La Serenisima Fraccionado Aprox 1 Kg espacio $NaN laburando Precio regular x kg.: $13.500 PRECIO SIN IMPUESTOS NACIONALES: $11.157,02 Sin Stock Compra rápida Ver Producto JUMBO Queso Barra Jumbo Tripack X Kg Jumbo espacio $13.900 laburando Precio regular x kg.: $13.900 PRECIO SIN IMPUESTOS NACIONALES: $11.487,6 Agregar Compra rápida Ver Producto CASANCREM Queso Crema Clásico 500 Gr Casancrem Llevando 2 $6.225 c/u $8.300 Precio regular x kg.: $16.600 PRECIO SIN IMPUESTOS NACIONALES: $6.859,5 Agregar Compra rápida Ver Producto Cuisine & CO Queso En Fetas Danbo 200 Grs Cuisine & Co espacio $19.900 laburando Precio regular x kg.: $19.900 PRECIO SIN IMPUESTOS NACIONALES: $16.446,28 Agregar Compra rápida Ver Producto LA PAULINA Queso Rallado La Paulina 150 Gr espacio $5.350 laburando Precio regular x kg.: $35.666,67 PRECIO SIN IMPUESTOS NACIONALES: $4.421,49 Agregar Términos más buscados 1. cafe 2. cerveza 3. leche 4. indumentaria 5. heladera 6. yogur 7. queso 8. aire acondicionado 9. galletitas 10. yerba",,13500,,,,unknown,
"¿Sabías que tu navegador está desactualizado? Para evitar errores y tener la mejor experiencia de compra en nuestra web,","¿Sabías que tu navegador está desactualizado? Para evitar errores y tener la mejor experiencia de compra en nuestra web, actualizá tu navegador haciendo click acá. ¡Servicio Express! Comprá Retirá o recibí tu pedido en menos de 24 hs! (*Sujeto a disponibilidad) Seleccioná el método de entrega Seleccioná el método de entrega Código de ética Buscar... Buscar por Lista Mi Cuenta Almacén Desayuno y Merienda Azúcar y Edulcorantes Azúcar Impalpable Sin Tacc 250 Gr Pérgola Agregar a la lista Azúcar Impalpable Sin Tacc 250 Gr Pérgola PERGOLA SKU : 11350703001 espacio $1.350 laburando Precio regular x kg.: $5.400 PRECIO SIN IMPUESTOS NACIONALES: $ 1.115,7 Tipo de Producto: Azúcar Impalpable País de Origen: Argentina Origen: Nacional Ver más características Agregar Medios de pago disponibles Promociones bancarias Ver todas Condiciones para cambios y devoluciones Certificados Su carrito se encuentra vacío Descripción Especificaciones El toque perfecto para tus postres con Azúcar Impalpable Pérgola Lográ una textura suave y un acabado impecable en todas tus preparaciones con este azúcar impalpable sin TACC. Ideal para decorar, glasear y darle ese toque especial a tortas, budines y galletitas. Por qué elegir el Azúcar Impalpable Pérgola Sin TACC: apto para personas celíacas. Textura ultrafina para lograr coberturas perfectas. Ideal para repostería, glasé real y decoración. Presentación de 250 g, práctica y fácil de usar. Convertí cada receta en una obra maestra con este azúcar impalpable de calidad. Compralo ahora con envío a domicilio o retiro en tienda. Ingredientes Azúcar, almidón de maíz Características Destacadas Tipo de Producto Azúcar Impalpable País de Origen Argentina Origen Nacional Términos más buscados 1. cafe 2. cerveza 3. leche 4. indumentaria 5. heladera 6. yogur 7. queso 8. aire acondicionado 9. galletitas 10. yerba",,1350,,,,unknown,
Loading...,"Loading... ¿Sabías que tu navegador está desactualizado? Para evitar errores y tener la mejor experiencia de compra en nuestra web, actualizá tu navegador haciendo click acá. ¡Servicio Express! Comprá Retirá o recibí tu pedido en menos de 24 hs! (*Sujeto a disponibilidad) Código de ética Buscar por Lista Mi Cuenta ¡Ups! Parece que esta góndola está vacía... Es probable que haya cambiado su nombre o ya no esté disponible. Volver al inicio Productos destacados Ver todos los productos Compra rápida Ver Producto Queso Barra Jumbo Tripack X Kg Jumbo laburando Precio regular : $ PRECIO SIN IMPUESTOS NACIONALES: $ 11.487,6 Compra rápida Ver Producto Queso Crema Clásico 500 Gr Casancrem laburando Precio regular : $ PRECIO SIN IMPUESTOS NACIONALES: $ 6.859,5 Compra rápida Ver Producto Queso En Fetas Danbo 200 Grs Cuisine & Co laburando Precio regular : $ PRECIO SIN IMPUESTOS NACIONALES: $ 16.446,28 Compra rápida Ver Producto Queso Rallado La Paulina 150 Gr laburando Precio regular : $ PRECIO SIN IMPUESTOS NACIONALES: $ 4.421,49 Compra rápida Ver Producto Queso Parmesano La Paulina 1kg laburando Precio regular : $ PRECIO SIN IMPUESTOS NACIONALES: $ 16.520,66",,11487.6,,,,unknown,
Loading...,"Loading... ¿Sabías que tu navegador está desactualizado? Para evitar errores y tener la mejor experiencia de compra en nuestra web, actualizá tu navegador haciendo click acá. ¡Servicio Express! Comprá Retirá o recibí tu pedido en menos de 24 hs! (*Sujeto a disponibilidad) Código de ética Buscar por Lista Mi Cuenta Almacén Pastas Secas y Salsas Pastas Secas Largas Fideos Matarazzo Spaghetti N7 X 500 Gr Agregar a la lista Fideos Matarazzo Spaghetti N7 X 500 Gr MATARAZZO SKU : 11460507016 laburando Precio regular : $ PRECIO SIN IMPUESTOS NACIONALES: $ 1.442,15 Medios de pago disponibles Promociones bancarias Ver todas Condiciones para cambios y devoluciones Certificados Ver todos Su carrito se encuentra vacío Descripción Información Nutricional Especificaciones Fideos Spaghetti N7 X 500 Gr Matarazzo Elegí una pasta que se luce en cada plato. Estos fideos largos son ideales para salsas intensas y momentos compartidos. Porque elegir Fideos Spaghetti N7 X 500 Gr Matarazzo Textura firme que se mantiene al dente Perfectos para acompañar con salsas clásicas o gourmet Ideales para cenas en familia o con amigos Una opción que siempre suma en tu cocina. Compralo ahora con envío a domicilio o retiro en tienda. Ingredientes Sémola de trigo candeal, derivados de trigo Puede contener Huevo, soja Características Destacadas Tipo de Producto Fideos Instantáneos País de Origen Argentina Origen Nacional Loading...",,1442.15,,,,unknown,
"¿Sabías que tu navegador está desactualizado? Para evitar errores y tener la mejor experiencia de compra en nuestra web,","¿Sabías que tu navegador está desactualizado? Para evitar errores y tener la mejor experiencia de compra en nuestra web, actualizá tu navegador haciendo click acá. ¡Servicio Express! Comprá Retirá o recibí tu pedido en menos de 24 hs! (*Sujeto a disponibilidad) Seleccioná el método de entrega Seleccioná el método de entrega Código de ética Buscar... Buscar por Lista Mi Cuenta ¡Ups! Parece que esta góndola está vacía... Es probable que haya cambiado su nombre o ya no esté disponible. Volver al inicio Productos destacados Ver todos los productos Compra rápida Ver Producto JUMBO Queso Barra Jumbo Tripack X Kg Jumbo espacio $13.900 laburando Precio regular x kg.: $13.900 PRECIO SIN IMPUESTOS NACIONALES: $11.487,6 Agregar Compra rápida Ver Producto CASANCREM Queso Crema Clásico 500 Gr Casancrem Llevando 2 $6.225 c/u 2do al 50% $8.300 Precio regular x kg.: $16.600 PRECIO SIN IMPUESTOS NACIONALES: $6.859,5 Agregar Compra rápida Ver Producto Cuisine & CO Queso En Fetas Danbo 200 Grs Cuisine & Co espacio $19.900 laburando Precio regular x kg.: $19.900 PRECIO SIN IMPUESTOS NACIONALES: $16.446,28 Agregar Compra rápida Ver Producto LA PAULINA Queso Rallado La Paulina 150 Gr espacio $5.350 laburando Precio regular x kg.: $35.666,67 PRECIO SIN IMPUESTOS NACIONALES: $4.421,49 Agregar Compra rápida Ver Producto LA PAULINA Queso Parmesano La Paulina 1kg espacio $19.990 laburando Precio regular x kg.: $19.990 PRECIO SIN IMPUESTOS NACIONALES: $16.520,66 Agregar Términos más buscados 1. cafe 2. cerveza 3. leche 4. indumentaria 5. heladera 6. yogur 7. queso 8. aire acondicionado 9. galletitas 10. yerba",,13900,,,,unknown,
"¿Sabías que tu navegador está desactualizado? Para evitar errores y tener la mejor experiencia de compra en nuestra web,","¿Sabías que tu navegador está desactualizado? Para evitar errores y tener la mejor experiencia de compra en nuestra web, actualizá tu navegador haciendo click acá. ¡Servicio Express! Comprá Retirá o recibí tu pedido en menos de 24 hs! (*Sujeto a disponibilidad) Seleccioná el método de entrega Código de ética Buscar... Buscar por Lista Mi Cuenta ¡Ups! Parece que esta góndola está vacía... Es probable que haya cambiado su nombre o ya no esté disponible. Volver al inicio Productos destacados Ver todos los productos Compra rápida Ver Producto Queso Barra Jumbo Tripack X Kg Jumbo laburando Precio regular : $ PRECIO SIN IMPUESTOS NACIONALES: $11.487,6 Sin Stock Compra rápida Ver Producto Queso Crema Clásico 500 Gr Casancrem laburando Precio regular : $ PRECIO SIN IMPUESTOS NACIONALES: $6.859,5 Sin Stock Compra rápida Ver Producto Queso En Fetas Danbo 200 Grs Cuisine & Co laburando Precio regular : $ PRECIO SIN IMPUESTOS NACIONALES: $16.446,28 Sin Stock Compra rápida Ver Producto Queso Rallado La Paulina 150 Gr laburando Precio regular : $ PRECIO SIN IMPUESTOS NACIONALES: $4.421,49 Sin Stock Compra rápida Ver Producto Queso Parmesano La Paulina 1kg laburando Precio regular : $ PRECIO SIN IMPUESTOS NACIONALES: $16.520,66 Sin Stock",,11487.6,,,,unknown,
"¿Sabías que tu navegador está desactualizado? Para evitar errores y tener la mejor experiencia de compra en nuestra web,","¿Sabías que tu navegador está desactualizado? Para evitar errores y tener la mejor experiencia de compra en nuestra web, actualizá tu navegador haciendo click acá. ¡Servicio Express! Comprá Retirá o recibí tu pedido en menos de 24 hs! (*Sujeto a disponibilidad) Seleccioná el método de entrega Seleccioná el método de entrega Código de ética Buscar... Buscar por Lista Mi Cuenta ¡Ups! Parece que esta góndola está vacía... Es probable que haya cambiado su nombre o ya no esté disponible. Volver al inicio Productos destacados Ver todos los productos Compra rápida Ver Producto JUMBO Queso Barra Jumbo Tripack X Kg Jumbo espacio $13.900 laburando Precio regular x kg.: $13.900 PRECIO SIN IMPUESTOS NACIONALES: $11.487,6 Agregar Compra rápida Ver Producto CASANCREM Queso Crema Clásico 500 Gr Casancrem Llevando 2 $6.225 c/u 2do al 50% $8.300 Precio regular x kg.: $16.600 PRECIO SIN IMPUESTOS NACIONALES: $6.859,5 Agregar Compra rápida Ver Producto Cuisine & CO Queso En Fetas Danbo 200 Grs Cuisine & Co espacio $19.900 laburando Precio regular x kg.: $19.900 PRECIO SIN IMPUESTOS NACIONALES: $16.446,28 Agregar Compra rápida Ver Producto LA PAULINA Queso Rallado La Paulina 150 Gr espacio $5.350 laburando Precio regular x kg.: $35.666,67 PRECIO SIN IMPUESTOS NACIONALES: $4.421,49 Agregar Compra rápida Ver Producto LA PAULINA Queso Parmesano La Paulina 1kg espacio $19.990 laburando Precio regular x kg.: $19.990 PRECIO SIN IMPUESTOS NACIONALES: $16.520,66 Agregar Términos más buscados 1. cafe 2. cerveza 3. leche 4. indumentaria 5. heladera 6. yogur 7. queso 8. aire acondicionado 9. galletitas 10. yerba",,13900,,,,unknown,
¡Nueva tarjeta de crédito HEB Afirme!,"¡Nueva tarjeta de crédito HEB Afirme! Consigue la tuya aquí Elige método de entrega Buscar productos Mis listas Mis pedidos Iniciar sesión $0 Pasillos Promociones exclusivas con Nuevos Productos Vive Saludable Mascotas Exclusivos en línea Live Promociones Lácteos y huevo Leche Santa Clara Leche Entera 1 L Santa Clara Leche Entera 1 L ☆ ☆ ☆ ☆ ☆ (0) Por favor, inicia sesión para escribir un comentario. SANTA CLARA Referencia : 371415 $33.00 $38.00 . ＋ － Agregar Promociones bancarias Obtén un 5% de cashback en todas tus compras en heb.com.mx y nuestra app con la tarjeta de crédito HEB Afirme . Solicítala aquí Métodos de entrega Pick&Go Delivery Compartir Lo que no sabías que te faltaba... HEB Fruta Congelada Mix Bayas 453 g HEB $103.00 ＋ － Agregar Dona Maple 1 pz HEB $11.00 ＋ － Agregar HCF Café Soluble Regular 90 g HCF $51.90 ＋ － Agregar HCF Saborizante para Leche en Polvo Choco Shake 375 g HCF $47.00 ＋ － Agregar HEB Pan de Muerto Grande 750 g HEB $144.00 ＋ － Agregar HEB Pan de Muerto Chico HEB $23.00 ＋ － Agregar Dona Chocolate 1 pz HEB $10.90 ＋ － Agregar HEB Fruta Congelada Blueberries 454 g HEB $76.00 ＋ － Agregar HEB Fruta Congelada Mix Bayas 453 g HEB $103.00 ＋ － Agregar Dona Maple 1 pz HEB $11.00 ＋ － Agregar HCF Café Soluble Regular 90 g HCF $51.90 ＋ － Agregar HCF Saborizante para Leche en Polvo Choco Shake 375 g HCF $47.00 ＋ － Agregar HEB Pan de Muerto Grande 750 g HEB $144.00 ＋ － Agregar HEB Pan de Muerto Chico HEB $23.00 ＋ － Agregar Dona Chocolate 1 pz HEB $10.90 ＋ － Agregar HEB Fruta Congelada Blueberries 454 g HEB $76.00 ＋ － Agregar HEB Fruta Congelada Mix Bayas 453 g HEB $103.00 ＋ － Agregar Dona Maple 1 pz HEB $11.00 ＋ － Agregar Descripción Características Reseñas Tipo de producto Leche Marca Santa Clara Denominación/Variedad Entera Contenido neto 1 l Presentación Tetra Pak País de origen México Advertencias de almacenamiento Conservar en un lugar fresco y seco Ingredientes Leche entera de vaca y vitaminas A y D Alérgenos declarados Leche y soya Beneficios nu",,0,,,,unknown,
"¿Sabías que tu navegador está desactualizado? Para evitar errores y tener la mejor experiencia de compra en nuestra web,","¿Sabías que tu navegador está desactualizado? Para evitar errores y tener la mejor experiencia de compra en nuestra web, actualizá tu navegador haciendo click acá. ¡Servicio Express! Comprá Retirá o recibí tu pedido en menos de 24 hs! (*Sujeto a disponibilidad) Seleccioná el método de entrega Seleccioná el método de entrega Código de ética Buscar... Buscar por Lista Mi Cuenta Carnes Pollos Pollos Pollo Campo De Areco Agregar a la lista Pollo Campo De Areco GRANJA TRES ARROYOS SKU : 22450211001 espacio $11.225 laburando Precio regular x kg.: $11.225 PRECIO SIN IMPUESTOS NACIONALES: $ 10.158,37 Tipo de Producto: Cortes de Pollo País de Origen: Argentina Estado: Fresco Origen: Nacional Ver más características Agregar Medios de pago disponibles Promociones bancarias Ver todas Condiciones para cambios y devoluciones Certificados Ver todos Su carrito se encuentra vacío Especificaciones Características Destacadas Tipo de Producto Cortes de Pollo País de Origen Argentina Estado Fresco Origen Nacional Tipo de Animal Pollo Observaciones y Recomendaciones Uso Recomendado Horno | Parrilla",,11225,,,,unknown,
"¿Sabías que tu navegador está desactualizado? Para evitar errores y tener la mejor experiencia de compra en nuestra web,","¿Sabías que tu navegador está desactualizado? Para evitar errores y tener la mejor experiencia de compra en nuestra web, actualizá tu navegador haciendo click acá. ¡Servicio Express! Comprá Retirá o recibí tu pedido en menos de 24 hs! (*Sujeto a disponibilidad) Seleccioná el método de entrega Seleccioná el método de entrega Código de ética Buscar... Buscar por Lista Mi Cuenta Carnes Pollos Pollos Pollo Fresco Con Menudos Agregar a la lista Pollo Fresco Con Menudos GRANJA PROPIA SKU : 22440106001 espacio $3.569 laburando Precio regular x kg.: $3.569 PRECIO SIN IMPUESTOS NACIONALES: $ 3.229,86 Tipo de Producto: Cortes de Pollo País de Origen: Argentina Estado: Fresco Origen: Nacional Ver más características Agregar Medios de pago disponibles Promociones bancarias Ver todas Condiciones para cambios y devoluciones Certificados Ver todos Su carrito se encuentra vacío Especificaciones Características Destacadas Tipo de Producto Cortes de Pollo País de Origen Argentina Estado Fresco Origen Nacional Tipo de Animal Pollo Observaciones y Recomendaciones Uso Recomendado Horno | Parrilla Términos más buscados 1. cafe 2. cerveza 3. leche 4. indumentaria 5. heladera 6. yogur 7. queso 8. aire acondicionado 9. galletitas 10. yerba",,3569,,,,unknown,
"¿Sabías que tu navegador está desactualizado? Para evitar errores y tener la mejor experiencia de compra en nuestra web,","¿Sabías que tu navegador está desactualizado? Para evitar errores y tener la mejor experiencia de compra en nuestra web, actualizá tu navegador haciendo click acá. ¡Servicio Express! Comprá Retirá o recibí tu pedido en menos de 24 hs! (*Sujeto a disponibilidad) Seleccioná el método de entrega Seleccioná el método de entrega Código de ética Buscar... Buscar por Lista Mi Cuenta Frutas y Verduras Huevos Huevos Blancos Avicoper 12 U - 1 Paquete Agregar a la lista Huevos Blancos Avicoper 12 U - 1 Paquete AVICOPER SKU : 21810308004 espacio $5.550 laburando Precio regular x un: $462,50 PRECIO SIN IMPUESTOS NACIONALES: $ 4.586,78 Tipo de Producto: Huevos de Gallina País de Origen: Argentina Origen: Nacional Ver más características Agregar Medios de pago disponibles Promociones bancarias Ver todas Condiciones para cambios y devoluciones Certificados Su carrito se encuentra vacío Descripción Especificaciones Ingredientes Huevos frescos blancos Características Destacadas Tipo de Producto Huevos de Gallina País de Origen Argentina Origen Nacional Términos más buscados 1. cafe 2. cerveza 3. leche 4. indumentaria 5. heladera 6. yogur 7. queso 8. aire acondicionado 9. galletitas 10. yerba",,5550,,,,unknown,
"¿Sabías que tu navegador está desactualizado? Para evitar errores y tener la mejor experiencia de compra en nuestra web,","¿Sabías que tu navegador está desactualizado? Para evitar errores y tener la mejor experiencia de compra en nuestra web, actualizá tu navegador haciendo click acá. ¡Servicio Express! Comprá Retirá o recibí tu pedido en menos de 24 hs! (*Sujeto a disponibilidad) Seleccioná el método de entrega Seleccioná el método de entrega Código de ética Buscar... Buscar por Lista Mi Cuenta ¡Ups! Parece que esta góndola está vacía... Es probable que haya cambiado su nombre o ya no esté disponible. Volver al inicio Productos destacados Ver todos los productos Compra rápida Ver Producto JUMBO Queso Barra Jumbo Tripack X Kg Jumbo espacio $13.900 laburando Precio regular x kg.: $13.900 PRECIO SIN IMPUESTOS NACIONALES: $11.487,6 Agregar Compra rápida Ver Producto CASANCREM Queso Crema Clásico 500 Gr Casancrem Llevando 2 $6.225 c/u $8.300 Precio regular x kg.: $16.600 PRECIO SIN IMPUESTOS NACIONALES: $6.859,5 Agregar Compra rápida Ver Producto Cuisine & CO Queso En Fetas Danbo 200 Grs Cuisine & Co espacio $19.900 laburando Precio regular x kg.: $19.900 PRECIO SIN IMPUESTOS NACIONALES: $16.446,28 Agregar Compra rápida Ver Producto LA PAULINA Queso Rallado La Paulina 150 Gr espacio $5.350 laburando Precio regular x kg.: $35.666,67 PRECIO SIN IMPUESTOS NACIONALES: $4.421,49 Agregar Compra rápida Ver Producto LA PAULINA Queso Parmesano La Paulina 1kg espacio $19.990 laburando Precio regular x kg.: $19.990 PRECIO SIN IMPUESTOS NACIONALES: $16.520,66 Agregar Términos más buscados 1. cafe 2. cerveza 3. leche 4. indumentaria 5. heladera 6. yogur 7. queso 8. aire acondicionado 9. galletitas 10. yerba",,13900,,,,unknown,
"¿Sabías que tu navegador está desactualizado? Para evitar errores y tener la mejor experiencia de compra en nuestra web,","¿Sabías que tu navegador está desactualizado? Para evitar errores y tener la mejor experiencia de compra en nuestra web, actualizá tu navegador haciendo click acá. ¡Servicio Express! Comprá Retirá o recibí tu pedido en menos de 24 hs! (*Sujeto a disponibilidad) Seleccioná el método de entrega Seleccioná el método de entrega Código de ética Buscar... Buscar por Lista Mi Cuenta Frutas y Verduras Huevos Huevos Blancos Doña Lala X 6u Carton Agregar a la lista Huevos Blancos Doña Lala X 6u Carton DOÑA LALA SKU : 21810163001 espacio $2.500 laburando Precio regular x un: $416,67 PRECIO SIN IMPUESTOS NACIONALES: $ 2.066,12 Tipo de Producto: Huevos de Gallina País de Origen: Argentina Origen: Nacional Ver más características Agregar Medios de pago disponibles Promociones bancarias Ver todas Condiciones para cambios y devoluciones Certificados Su carrito se encuentra vacío Descripción Especificaciones Ingredientes Huevos Características Destacadas Tipo de Producto Huevos de Gallina País de Origen Argentina Origen Nacional Términos más buscados 1. cafe 2. cerveza 3. leche 4. indumentaria 5. heladera 6. yogur 7. queso 8. aire acondicionado 9. galletitas 10. yerba",,2500,,,,unknown,
"¿Sabías que tu navegador está desactualizado? Para evitar errores y tener la mejor experiencia de compra en nuestra web,","¿Sabías que tu navegador está desactualizado? Para evitar errores y tener la mejor experiencia de compra en nuestra web, actualizá tu navegador haciendo click acá. ¡Servicio Express! Comprá Retirá o recibí tu pedido en menos de 24 hs! (*Sujeto a disponibilidad) Seleccioná el método de entrega Seleccioná el método de entrega Código de ética Buscar... Buscar por Lista Mi Cuenta ¡Ups! Parece que esta góndola está vacía... Es probable que haya cambiado su nombre o ya no esté disponible. Volver al inicio Productos destacados Ver todos los productos Compra rápida Ver Producto JUMBO Queso Barra Jumbo Tripack X Kg Jumbo espacio $13.900 laburando Precio regular x kg.: $13.900 PRECIO SIN IMPUESTOS NACIONALES: $11.487,6 Agregar Compra rápida Ver Producto CASANCREM Queso Crema Clásico 500 Gr Casancrem Llevando 2 $6.225 c/u $8.300 Precio regular x kg.: $16.600 PRECIO SIN IMPUESTOS NACIONALES: $6.859,5 Agregar Compra rápida Ver Producto Cuisine & CO Queso En Fetas Danbo 200 Grs Cuisine & Co espacio $19.900 laburando Precio regular x kg.: $19.900 PRECIO SIN IMPUESTOS NACIONALES: $16.446,28 Agregar Compra rápida Ver Producto LA PAULINA Queso Rallado La Paulina 150 Gr espacio $5.350 laburando Precio regular x kg.: $35.666,67 PRECIO SIN IMPUESTOS NACIONALES: $4.421,49 Agregar Compra rápida Ver Producto LA PAULINA Queso Parmesano La Paulina 1kg espacio $19.990 laburando Precio regular x kg.: $19.990 PRECIO SIN IMPUESTOS NACIONALES: $16.520,66 Agregar Términos más buscados 1. cafe 2. cerveza 3. leche 4. indumentaria 5. heladera 6. yogur 7. queso 8. aire acondicionado 9. galletitas 10. yerba",,13900,,,,unknown,
"¿Sabías que tu navegador está desactualizado? Para evitar errores y tener la mejor experiencia de compra en nuestra web,","¿Sabías que tu navegador está desactualizado? Para evitar errores y tener la mejor experiencia de compra en nuestra web, actualizá tu navegador haciendo click acá. ¡Servicio Express! Comprá Retirá o recibí tu pedido en menos de 24 hs! (*Sujeto a disponibilidad) Seleccioná el método de entrega Seleccioná el método de entrega Código de ética Buscar... Buscar por Lista Mi Cuenta Frutas y Verduras Huevos Huevos Blancos Carnave 12 U Agregar a la lista Huevos Blancos Carnave 12 U CARNAVE SKU : 21810310002 Producto sin stock espacio $NaN laburando Precio regular x un: $445,83 PRECIO SIN IMPUESTOS NACIONALES: $ 4.421,49 Tipo de Producto: Huevos de Gallina País de Origen: Argentina Origen: Nacional Ver más características Sin Stock AGREGAR Este producto no está disponible en este momento Quiero que me avisen cuando esté disponible Enviar Medios de pago disponibles Promociones bancarias Ver todas Condiciones para cambios y devoluciones Certificados Su carrito se encuentra vacío Descripción Especificaciones Huevos Blancos Carnave 12 U Ingredientes Huevos frescos blancos, huevo Características Destacadas Tipo de Producto Huevos de Gallina País de Origen Argentina Origen Nacional ¡Llevalos juntos! Estás viendo: CARNAVE Huevos Blancos Carnave 12 U espacio $NaN laburando Precio regular x un: $445,83 PRECIO SIN IMPUESTOS NACIONALES: $4.421,49 + Lentejas Granel A Granel 500 Gr espacio $NaN laburando Precio regular x kg.: $4.998 PRECIO SIN IMPUESTOS NACIONALES: $2.065,29 : $1.249,5 Agregar Otros clientes también vieron Compra rápida Ver Producto Huevos De Color Avicoper 10 U - 1 Paquete espacio $NaN laburando Precio regular x un: $510 PRECIO SIN IMPUESTOS NACIONALES: $4.214,88 Agregar Compra rápida Ver Producto Huevos De Color Avicoper 6 U - 1 Paquete espacio $NaN laburando Precio regular x un: $516,67 PRECIO SIN IMPUESTOS NACIONALES: $2.561,98 Agregar Compra rápida Ver Producto Huevos Blancos 6 U Maxima espacio $NaN laburando Precio regular x un: $405 PRECIO SIN IMPUESTOS NACIONALES",,445.83,,,,unknown,
"¿Sabías que tu navegador está desactualizado? Para evitar errores y tener la mejor experiencia de compra en nuestra web,","¿Sabías que tu navegador está desactualizado? Para evitar errores y tener la mejor experiencia de compra en nuestra web, actualizá tu navegador haciendo click acá. ¡Servicio Express! Comprá Retirá o recibí tu pedido en menos de 24 hs! (*Sujeto a disponibilidad) Seleccioná el método de entrega Seleccioná el método de entrega Código de ética Buscar... Buscar por Lista Mi Cuenta Quesos y Fiambres Quesos Queso Muzzarella Mozzarella La Serenisima 220gr Agregar a la lista Mozzarella La Serenisima 220gr LA SERENISIMA SKU : 21340120005 espacio $5.295 laburando Precio regular x kg.: $24.068,18 PRECIO SIN IMPUESTOS NACIONALES: $ 4.376,03 Tipo de Producto: Quesos Muzzarella País de Origen: Argentina Origen: Nacional Ver más características Agregar Medios de pago disponibles Promociones bancarias Ver todas Condiciones para cambios y devoluciones Certificados Su carrito se encuentra vacío Descripción Especificaciones Ingredientes Leche pasteurizada, fermento láctico, sal, cloruro de calcio, coagulante (cuajo no animal), conservador natamicina, conservador sorbato de potasio, leche Características Destacadas Tipo de Producto Quesos Muzzarella País de Origen Argentina Origen Nacional ¡Llevalos juntos! Estás viendo: LA SERENISIMA Mozzarella La Serenisima 220gr laburando Precio regular : $ PRECIO SIN IMPUESTOS NACIONALES: $4.376,03 + 0 : $0 Sin Stock Otros clientes también vieron Términos más buscados 1. cafe 2. cerveza 3. leche 4. indumentaria 5. heladera 6. yogur 7. queso 8. aire acondicionado 9. galletitas 10. yerba",,5295,,,,unknown,
Loading...,"Loading... ¿Sabías que tu navegador está desactualizado? Para evitar errores y tener la mejor experiencia de compra en nuestra web, actualizá tu navegador haciendo click acá. ¡Servicio Express! Comprá Retirá o recibí tu pedido en menos de 24 hs! (*Sujeto a disponibilidad) Código de ética Buscar por Lista Mi Cuenta ¡Ups! Parece que esta góndola está vacía... Es probable que haya cambiado su nombre o ya no esté disponible. Volver al inicio Productos destacados Ver todos los productos Compra rápida Ver Producto Queso Barra Jumbo Tripack X Kg Jumbo laburando Precio regular : $ PRECIO SIN IMPUESTOS NACIONALES: $ 11.487,6 Compra rápida Ver Producto Queso Crema Clásico 500 Gr Casancrem laburando Precio regular : $ PRECIO SIN IMPUESTOS NACIONALES: $ 6.859,5 Compra rápida Ver Producto Queso En Fetas Danbo 200 Grs Cuisine & Co laburando Precio regular : $ PRECIO SIN IMPUESTOS NACIONALES: $ 16.446,28 Compra rápida Ver Producto Queso Rallado La Paulina 150 Gr laburando Precio regular : $ PRECIO SIN IMPUESTOS NACIONALES: $ 4.421,49 Compra rápida Ver Producto Queso Parmesano La Paulina 1kg laburando Precio regular : $ PRECIO SIN IMPUESTOS NACIONALES: $ 16.520,66",,11487.6,,,,unknown,
"¿Sabías que tu navegador está desactualizado? Para evitar errores y tener la mejor experiencia de compra en nuestra web,","¿Sabías que tu navegador está desactualizado? Para evitar errores y tener la mejor experiencia de compra en nuestra web, actualizá tu navegador haciendo click acá. ¡Servicio Express! Comprá Retirá o recibí tu pedido en menos de 24 hs! (*Sujeto a disponibilidad) Seleccioná el método de entrega Seleccioná el método de entrega Código de ética Buscar... Buscar por Lista Mi Cuenta Quesos y Fiambres Quesos Quesos Port Salut y Cremosos Queso Cremoso Punta Del Agua Horma X Kg Agregar a la lista Queso Cremoso Punta Del Agua Horma X Kg PUNTA DEL AGUA SKU : 24410536002 espacio $12.900 laburando Precio regular x kg.: $12.900 PRECIO SIN IMPUESTOS NACIONALES: $ 10.661,16 Tipo de Producto: Quesos Cremoso País de Origen: Argentina Origen: Nacional Ver más características Agregar Medios de pago disponibles Promociones bancarias Ver todas Condiciones para cambios y devoluciones Certificados Ver todos Su carrito se encuentra vacío Especificaciones Características Destacadas Tipo de Producto Quesos Cremoso País de Origen Argentina Origen Nacional ¡Llevalos juntos! Estás viendo: PUNTA DEL AGUA Queso Cremoso Punta Del Agua Horma X Kg espacio $12.900 laburando Precio regular x kg.: $12.900 PRECIO SIN IMPUESTOS NACIONALES: $10.661,16 + FINLANDIA Queso Finlandia Heb 4 Qso Sob 130gr. espacio $4.000 laburando Precio regular x kg.: $30.769,23 PRECIO SIN IMPUESTOS NACIONALES: $3.305,79 : $16.900 Agregar Términos más buscados 1. cafe 2. cerveza 3. leche 4. indumentaria 5. heladera 6. yogur 7. queso 8. aire acondicionado 9. galletitas 10. yerba",,12900,,,,unknown,
Mis listas,Mis listas Mis pedidos Iniciar sesión Promociones exclusivas con Lácteos y huevo Leche HCF Leche Entera 1 L Suscríbete a nuestro Newsletter y entérate de las ofertas y lanzamientos. Suscríbete a nuestro Newsletter y entérate de las ofertas y lanzamientos. Suscríbete Aviso de Privacidad | Términos y Condiciones | Politica de Devoluciones | Términos y Condiciones: Cupones y Promociones | Promociones Bancarias © 2024 H-E-B México - TODOS LOS DERECHOS RESERVADOS,,,,,,unknown,
"¿Sabías que tu navegador está desactualizado? Para evitar errores y tener la mejor experiencia de compra en nuestra web,","¿Sabías que tu navegador está desactualizado? Para evitar errores y tener la mejor experiencia de compra en nuestra web, actualizá tu navegador haciendo click acá. ¡Servicio Express! Comprá Retirá o recibí tu pedido en menos de 24 hs! (*Sujeto a disponibilidad) Seleccioná el método de entrega Seleccioná el método de entrega Código de ética Buscar... Buscar por Lista Mi Cuenta Quesos y Fiambres Quesos Quesos Semiblandos Queso Cheddar Milkaut X 145 Gr Agregar a la lista Queso Cheddar Milkaut X 145 Gr MILKAUT SKU : 21370316001 Producto sin stock espacio $NaN laburando Precio regular x kg.: $23.684,76 PRECIO SIN IMPUESTOS NACIONALES: $ 2.838,26 Tipo de Producto: Quesos Cheddar País de Origen: Argentina Origen: Nacional Ver más características Sin Stock AGREGAR Este producto no está disponible en este momento Quiero que me avisen cuando esté disponible Enviar Medios de pago disponibles Promociones bancarias Ver todas Condiciones para cambios y devoluciones Certificados Su carrito se encuentra vacío Descripción Especificaciones Ingredientes Leche pasteurizada, sal, cloruro de calcio, cuajo, cultivos lácticos, manteca, agua, sólidos lácteos, sal, emulsionante citrato de sodio, emulsionante polifosfato de sodio, emulsionante ortofosfato de sodio, emulsionante ortofosfato de potasio, antiaglutinante lecitina de soya, aromatizante/saborizante natural a queso cheddar, conservador ácido sórbico, colorante annato, colorante paprika, derivados de leche, derivados de soja Puede contener Derivados de huevo Características Destacadas Tipo de Producto Quesos Cheddar País de Origen Argentina Origen Nacional ¡Suscribite, sé el primero en conocer nuestras mejores ofertas y novedades! Sí, quiero suscribirme Ahora no Términos más buscados 1. cafe 2. cerveza 3. leche 4. indumentaria 5. heladera 6. yogur 7. queso 8. aire acondicionado 9. galletitas 10. yerba",,23684.76,,,,unknown,
"¿Sabías que tu navegador está desactualizado? Para evitar errores y tener la mejor experiencia de compra en nuestra web,","¿Sabías que tu navegador está desactualizado? Para evitar errores y tener la mejor experiencia de compra en nuestra web, actualizá tu navegador haciendo click acá. ¡Servicio Express! Comprá Retirá o recibí tu pedido en menos de 24 hs! (*Sujeto a disponibilidad) Seleccioná el método de entrega Seleccioná el método de entrega Código de ética Buscar... Buscar por Lista Mi Cuenta Quesos y Fiambres Quesos Quesos Untables Queso Adler Feteado Danbo 144 Gr Agregar a la lista Queso Adler Feteado Danbo 144 Gr ADLER SKU : 21310703037 Llevando 2 $3.825 c/u 2do al 50% $5.100 Precio regular x kg.: $35.416,67 PRECIO SIN IMPUESTOS NACIONALES: $ 4.214,88 Tipo de Producto: Quesos Fundido País de Origen: Argentina Contenido: 144 g Envase: Paquete Ver más características Agregar Medios de pago disponibles Promociones bancarias Ver todas Condiciones para cambios y devoluciones Certificados Su carrito se encuentra vacío Descripción Especificaciones Ingredientes Agua, leche pasteurizada, cloruro de sodio (sal), cultivos lácticos, cloruro de calcio, cuajo, colorante natural de annato, manteca, leche en polvo descremada, queso fundido, caseína, almidones, cloruro de sodio (sal), extracto de levadura, estabilizante citrato de sodio, estabilizante polifosfato de sodio, estabilizante fosfato dipotásico, aromatizante idéntico al natural de queso danbo, espesante carragenina, regulador de la acidez ácido cítrico, conservador ácido sórbico, colorante natural de páprica, colorante natural caroteno, colorante natural annato, sulfito, derivados de leche, soja Puede contener Derivado de huevo Características Destacadas Tipo de Producto Quesos Fundido País de Origen Argentina Contenido 144 g Envase Paquete Origen Nacional Variedad Danbo Otros clientes también vieron Compra rápida Ver Producto Queso Untable La Serenísima Cremón 280 Gr laburando Precio regular : $ PRECIO SIN IMPUESTOS NACIONALES: $2.975,21 Sin Stock Compra rápida Ver Producto Queso Procesado Para Untar Light Milkaut 190 G laburando Prec",,3825,,,,unknown,
"¿Sabías que tu navegador está desactualizado? Para evitar errores y tener la mejor experiencia de compra en nuestra web,","¿Sabías que tu navegador está desactualizado? Para evitar errores y tener la mejor experiencia de compra en nuestra web, actualizá tu navegador haciendo click acá. ¡Servicio Express! Comprá Retirá o recibí tu pedido en menos de 24 hs! (*Sujeto a disponibilidad) Seleccioná el método de entrega Código de ética Buscar... Buscar por Lista Mi Cuenta Bebidas Gaseosas Cola Gaseosa Coca-cola Sabor Original 2.25 L Agregar a la lista Gaseosa Coca-cola Sabor Original 2.25 L COCA COLA SKU : 12110101009 espacio $NaN laburando Precio regular x lt.: $2.090,91 PRECIO SIN IMPUESTOS NACIONALES: $ 3.801,65 Tipo de Producto: Gaseosas País de Origen: Argentina Contenido: 2.2 L Envase: Botella Ver más características Agregar Medios de pago disponibles Promociones bancarias Ver todas Condiciones para cambios y devoluciones Certificados Su carrito se encuentra vacío Descripción Especificaciones Gaseosa Coca-Cola Sabor Original ? Menos Azúcares 2.25 Lt Nada supera el sabor de una Coca-Cola. Diseñado para acompañar cada momento, el sabor de la Coca-Cola es un clásico que perdura desde hace más de 130 años. Deliciosa y refrescante. Ingredientes Agua carbonatada, azúcar, jmaf, col 150 d, aci 338, aro, edu sucralosa, cafeína Características Destacadas Tipo de Producto Gaseosas País de Origen Argentina Contenido 2.2 L Envase Botella Origen Nacional Pack-Unitario Unitario Sabor Cola ¡Suscribite, sé el primero en conocer nuestras mejores ofertas y novedades! Sí, quiero suscribirme Ahora no",,2090.91,,,,unknown,
"¿Sabías que tu navegador está desactualizado? Para evitar errores y tener la mejor experiencia de compra en nuestra web,","¿Sabías que tu navegador está desactualizado? Para evitar errores y tener la mejor experiencia de compra en nuestra web, actualizá tu navegador haciendo click acá. ¡Servicio Express! Comprá Retirá o recibí tu pedido en menos de 24 hs! (*Sujeto a disponibilidad) Seleccioná el método de entrega Seleccioná el método de entrega Código de ética Buscar... Buscar por Lista Mi Cuenta Bebidas Gaseosas Cola Gaseosa Pepsi Botella 2 L Agregar a la lista Gaseosa Pepsi Botella 2 L PEPSI SKU : 12110103006 Llevando 2 $2.275 c/u 2do al 70% $3.500 Precio regular x lt.: $1.750 PRECIO SIN IMPUESTOS NACIONALES: $ 2.892,56 Tipo de Producto: Gaseosas País de Origen: Argentina Color: Marrón Contenido Neto: 2 L Ver más características Agregar Medios de pago disponibles Promociones bancarias Ver todas Condiciones para cambios y devoluciones Certificados Su carrito se encuentra vacío Descripción Especificaciones Refrescate con Gaseosa Pepsi Botella 2 L Elegí la Gaseosa Pepsi Botella 2 L y disfrutá de un sabor que nunca falla. Perfecta para compartir en cualquier reunión o simplemente para disfrutar en casa. Porque elegir Gaseosa Pepsi Botella 2 L Sabor clásico que encanta a todos. Formato de 2 L, ideal para compartir con amigos y familia. Perfecta para acompañar tus comidas o disfrutar sola. Siempre fresca, para esos momentos que lo merecen. Sumate a la experiencia Pepsi y hacé que cada encuentro sea especial. Compralo ahora con envío a domicilio o retiro en tienda. Ingredientes Agua carbonatada, jarabe de maíz de alta fructosa, azúcar, colorante caramelo iv, (ins 150 d), acidulante ácido fosfórico (ins 338), aromatizantes, edulcorante acesulfame k (ins 950), edulcorante sucralosa (ins 955), cafeína Características Destacadas Tipo de Producto Gaseosas País de Origen Argentina Color Marrón Contenido Neto 2 L Envase Botella Gasificado Si Origen Nacional ¡Llevalos juntos! Estás viendo: PEPSI Gaseosa Pepsi Botella 2 L espacio $NaN laburando Precio regular x lt.: $1.750 PRECIO SIN IMPUESTOS NACION",,2275,,,,unknown,
"¿Sabías que tu navegador está desactualizado? Para evitar errores y tener la mejor experiencia de compra en nuestra web,","¿Sabías que tu navegador está desactualizado? Para evitar errores y tener la mejor experiencia de compra en nuestra web, actualizá tu navegador haciendo click acá. ¡Servicio Express! Comprá Retirá o recibí tu pedido en menos de 24 hs! (*Sujeto a disponibilidad) Seleccioná el método de entrega Seleccioná el método de entrega Código de ética Buscar... Buscar por Lista Mi Cuenta Bebidas Gaseosas Pomelo Gaseosa Paso De Los Toros Pomelo Botella 500mlx1 Agregar a la lista Gaseosa Paso De Los Toros Pomelo Botella 500mlx1 PASO DE LOS TOROS SKU : 12111102004 Llevando 2 $1.170 c/u 2do al 70% $1.800 Precio regular x lt.: $3.600 PRECIO SIN IMPUESTOS NACIONALES: $ 1.487,6 Tipo de Producto: Gaseosas País de Origen: Argentina Contenido: 500 ml Envase: Botella Ver más características Agregar Medios de pago disponibles Promociones bancarias Ver todas Condiciones para cambios y devoluciones Certificados Su carrito se encuentra vacío Descripción Especificaciones Gaseosa Paso de los Toros Pomelo Botella 500mlx1 CATEGORÍA: Gaseosa FABRICANTE: Cervecería y Maltería Quilmes MARCA: Paso de los Toros VARIEDAD: Pomelo ENVASE: Botella GRAMAJE: 500ml CANTIDAD: 1 Ingredientes Agua carbonatada, jmaf, acidulante ácido cítrico (ins 330), aromatizante aroma artificial a pomelo, conservador potasio sorbato (ins 202), espesante pectina (ins 440), antioxidante ácido ascórbico (ins 300), colorante caramelo iv (ins 150 d) Características Destacadas Tipo de Producto Gaseosas País de Origen Argentina Contenido 500 ml Envase Botella Origen Nacional Pack-Unitario Unitario Sabor Pomelo ¡Llevalos juntos! Estás viendo: PASO DE LOS TOROS Gaseosa Paso De Los Toros Pomelo Botella 500mlx1 Llevando 2 $1.170 c/u $1.800 Precio regular x lt.: $3.600 PRECIO SIN IMPUESTOS NACIONALES: $1.487,6 + COCA COLA Gaseosa Coca-cola Sabor Original + Sprite Lima-limón 2.25 Lt espacio $6.900 laburando Precio regular x un: $3450 PRECIO SIN IMPUESTOS NACIONALES: $5.702,48 : $8.700 Agregar Otros clientes también vieron Compra rápida Ve",,1170,,,,unknown,
"¿Sabías que tu navegador está desactualizado? Para evitar errores y tener la mejor experiencia de compra en nuestra web,","¿Sabías que tu navegador está desactualizado? Para evitar errores y tener la mejor experiencia de compra en nuestra web, actualizá tu navegador haciendo click acá. ¡Servicio Express! Comprá Retirá o recibí tu pedido en menos de 24 hs! (*Sujeto a disponibilidad) Seleccioná el método de entrega Seleccioná el método de entrega Código de ética Buscar... Buscar por Lista Mi Cuenta Bebidas Gaseosas Cola Gaseosa Cunnington Cola Suave 2.25lt Agregar a la lista Gaseosa Cunnington Cola Suave 2.25lt CUNNINGTON SKU : 12110155007 espacio $2.200 laburando Precio regular x lt.: $977,78 PRECIO SIN IMPUESTOS NACIONALES: $ 1.818,18 Tipo de Producto: Gaseosas País de Origen: Argentina Origen: Nacional Ver más características Agregar Medios de pago disponibles Promociones bancarias Ver todas Condiciones para cambios y devoluciones Certificados Su carrito se encuentra vacío Descripción Especificaciones Ingredientes Agua carbonatada, col ins 150d, aro, edu ciclamato, edu aspartamo, edu acesulfame k, edu sacarina, aci 338, cons benzoato de sodio, cafeína, fenilalanina Características Destacadas Tipo de Producto Gaseosas País de Origen Argentina Origen Nacional Otros clientes también vieron ¡Suscribite, sé el primero en conocer nuestras mejores ofertas y novedades! Sí, quiero suscribirme Ahora no Términos más buscados 1. cafe 2. cerveza 3. leche 4. indumentaria 5. heladera 6. yogur 7. queso 8. aire acondicionado 9. galletitas 10. yerba",,2200,,,,unknown,
"¿Sabías que tu navegador está desactualizado? Para evitar errores y tener la mejor experiencia de compra en nuestra web,","¿Sabías que tu navegador está desactualizado? Para evitar errores y tener la mejor experiencia de compra en nuestra web, actualizá tu navegador haciendo click acá. ¡Servicio Express! Comprá Retirá o recibí tu pedido en menos de 24 hs! (*Sujeto a disponibilidad) Seleccioná el método de entrega Seleccioná el método de entrega Código de ética Buscar... Buscar por Lista Mi Cuenta ¡Ups! Parece que esta góndola está vacía... Es probable que haya cambiado su nombre o ya no esté disponible. Volver al inicio Productos destacados Ver todos los productos Compra rápida Ver Producto JUMBO Queso Barra Jumbo Tripack X Kg Jumbo espacio $13.900 laburando Precio regular x kg.: $13.900 PRECIO SIN IMPUESTOS NACIONALES: $11.487,6 Agregar Compra rápida Ver Producto CASANCREM Queso Crema Clásico 500 Gr Casancrem Llevando 2 $6.225 c/u $8.300 Precio regular x kg.: $16.600 PRECIO SIN IMPUESTOS NACIONALES: $6.859,5 Agregar Compra rápida Ver Producto Cuisine & CO Queso En Fetas Danbo 200 Grs Cuisine & Co espacio $19.900 laburando Precio regular x kg.: $19.900 PRECIO SIN IMPUESTOS NACIONALES: $16.446,28 Agregar Compra rápida Ver Producto LA PAULINA Queso Rallado La Paulina 150 Gr espacio $5.350 laburando Precio regular x kg.: $35.666,67 PRECIO SIN IMPUESTOS NACIONALES: $4.421,49 Agregar Compra rápida Ver Producto LA PAULINA Queso Parmesano La Paulina 1kg espacio $19.990 laburando Precio regular x kg.: $19.990 PRECIO SIN IMPUESTOS NACIONALES: $16.520,66 Agregar ¡Suscribite, sé el primero en conocer nuestras mejores ofertas y novedades! Sí, quiero suscribirme Ahora no Términos más buscados 1. cafe 2. cerveza 3. leche 4. indumentaria 5. heladera 6. yogur 7. queso 8. aire acondicionado 9. galletitas 10. yerba",,13900,,,,unknown,
"¿Sabías que tu navegador está desactualizado? Para evitar errores y tener la mejor experiencia de compra en nuestra web,","¿Sabías que tu navegador está desactualizado? Para evitar errores y tener la mejor experiencia de compra en nuestra web, actualizá tu navegador haciendo click acá. ¡Servicio Express! Comprá Retirá o recibí tu pedido en menos de 24 hs! (*Sujeto a disponibilidad) Seleccioná el método de entrega Seleccioná el método de entrega Código de ética Buscar... Buscar por Lista Mi Cuenta ¡Ups! Parece que esta góndola está vacía... Es probable que haya cambiado su nombre o ya no esté disponible. Volver al inicio Productos destacados Ver todos los productos Compra rápida Ver Producto JUMBO Queso Barra Jumbo Tripack X Kg Jumbo espacio $13.900 laburando Precio regular x kg.: $13.900 PRECIO SIN IMPUESTOS NACIONALES: $11.487,6 Agregar Compra rápida Ver Producto CASANCREM Queso Crema Clásico 500 Gr Casancrem Llevando 2 $6.225 c/u 2do al 50% $8.300 Precio regular x kg.: $16.600 PRECIO SIN IMPUESTOS NACIONALES: $6.859,5 Agregar Compra rápida Ver Producto Cuisine & CO Queso En Fetas Danbo 200 Grs Cuisine & Co espacio $19.900 laburando Precio regular x kg.: $19.900 PRECIO SIN IMPUESTOS NACIONALES: $16.446,28 Agregar Compra rápida Ver Producto LA PAULINA Queso Rallado La Paulina 150 Gr espacio $5.350 laburando Precio regular x kg.: $35.666,67 PRECIO SIN IMPUESTOS NACIONALES: $4.421,49 Agregar Compra rápida Ver Producto LA PAULINA Queso Parmesano La Paulina 1kg espacio $19.990 laburando Precio regular x kg.: $19.990 PRECIO SIN IMPUESTOS NACIONALES: $16.520,66 Agregar ¡Suscribite, sé el primero en conocer nuestras mejores ofertas y novedades! Sí, quiero suscribirme Ahora no Términos más buscados 1. cafe 2. cerveza 3. leche 4. indumentaria 5. heladera 6. yogur 7. queso 8. aire acondicionado 9. galletitas 10. yerba",,13900,,,,unknown,
"¿Sabías que tu navegador está desactualizado? Para evitar errores y tener la mejor experiencia de compra en nuestra web,","¿Sabías que tu navegador está desactualizado? Para evitar errores y tener la mejor experiencia de compra en nuestra web, actualizá tu navegador haciendo click acá. ¡Servicio Express! Comprá Retirá o recibí tu pedido en menos de 24 hs! (*Sujeto a disponibilidad) Seleccioná el método de entrega Seleccioná el método de entrega Código de ética Buscar... Buscar por Lista Mi Cuenta Frutas y Verduras Verduras Verduras Empaquetadas Papas Andinas Sueño Verde 600 Gr Agregar a la lista Papas Andinas Sueño Verde 600 Gr SUEÑO VERDE SKU : 23231757001 espacio $12.399 laburando Precio regular x kg.: $20.665 PRECIO SIN IMPUESTOS NACIONALES: $ 11.220,81 Tipo de Producto: Pimientas País de Origen: Argentina Origen: Nacional Ver más características Agregar Medios de pago disponibles Promociones bancarias Ver todas Condiciones para cambios y devoluciones Certificados Su carrito se encuentra vacío Descripción Especificaciones Ingredientes Papas andinas Características Destacadas Tipo de Producto Pimientas País de Origen Argentina Origen Nacional ¡Suscribite, sé el primero en conocer nuestras mejores ofertas y novedades! Sí, quiero suscribirme Ahora no Términos más buscados 1. cafe 2. cerveza 3. leche 4. indumentaria 5. heladera 6. yogur 7. queso 8. aire acondicionado 9. galletitas 10. yerba",,12399,,,,unknown,
"¿Sabías que tu navegador está desactualizado? Para evitar errores y tener la mejor experiencia de compra en nuestra web,","¿Sabías que tu navegador está desactualizado? Para evitar errores y tener la mejor experiencia de compra en nuestra web, actualizá tu navegador haciendo click acá. ¡Servicio Express! Comprá Retirá o recibí tu pedido en menos de 24 hs! (*Sujeto a disponibilidad) Seleccioná el método de entrega Seleccioná el método de entrega Código de ética Buscar... Buscar por Lista Mi Cuenta Frutas y Verduras Verduras Verduras Empaquetadas Papas Plychaco Noisette 500 Gr Agregar a la lista Papas Plychaco Noisette 500 Gr POLYCHACO SKU : 23230862004 espacio $3.999 laburando Precio regular x kg.: $7.998 PRECIO SIN IMPUESTOS NACIONALES: $ 3.619 Tipo de Producto: Papas País de Origen: Argentina Origen: Nacional Ver más características Agregar Medios de pago disponibles Promociones bancarias Ver todas Condiciones para cambios y devoluciones Certificados Su carrito se encuentra vacío Descripción Especificaciones Ingredientes Papa noisette Características Destacadas Tipo de Producto Papas País de Origen Argentina Origen Nacional ¡Suscribite, sé el primero en conocer nuestras mejores ofertas y novedades! Sí, quiero suscribirme Ahora no Términos más buscados 1. cafe 2. cerveza 3. leche 4. indumentaria 5. heladera 6. yogur 7. queso 8. aire acondicionado 9. galletitas 10. yerba",,3999,,,,unknown,
"Este sitio web utiliza cookies propias para optimizar la experiencia de nuestros clientes, analizar estadísticas de navegación del sitio y de terceros para brindar contenidos personalizados de acuerdo","Este sitio web utiliza cookies propias para optimizar la experiencia de nuestros clientes, analizar estadísticas de navegación del sitio y de terceros para brindar contenidos personalizados de acuerdo con sus preferencias. Al dar click en [Aceptar], autoriza el uso de cookies durante su navegación. Para más información, consulte nuestra Política de Cookies en el Aviso de Privacidad . Aceptar Supermercado Despensa Granos y semillas Arroz La Merced Super Extra 900g La Merced Arroz La Merced Super Extra 900g Arroz La Merced Super Extra 900g Referencia : 3247692 Información Arroz La Merced, el poderoso grano rico en nutrientes. Mostrar más Características Importantes Fuente de proteína y además carbohidratos Con los beneficios de los antioxidantes. Contiene vitamina B, potasio y fósforo. Comparte Vendido y entregado por: Chedraui $21.00 $23.50 Agregar Descripción Especificaciones Arroz Precocido La Merced es ideal para comer en el desayuno y comida debido a su alto contenido de nutrientes. Excelente como guarnición para tus platillos favoritos y en el tradicional arroz con leche. Productos relacionados Arroz Verde Valle Super Extra 900g Verde Valle $0.00 1 pieza de 900g Combo Cantidad Máxima Equivale a ≈1 pza 3x2 Arroz Grueso La Merced 900g La Merced $0.00 900 g Combo Cantidad Máxima Equivale a ≈1 pza 3x2 Arroz Integral La Merced 900g La Merced $0.00 900 g Combo Cantidad Máxima Equivale a ≈1 pza 3x2 Arroz Precocido La Merced 900g La Merced $0.00 900 g Combo Cantidad Máxima Equivale a ≈1 pza 3x2 Arroz Verde Valle Super Extra 2Kg Verde Valle $0.00 1 pieza de 2Kg Combo Cantidad Máxima Equivale a ≈1 pza 3x2 Arroz Bueno Super Extra Grueso 900g Bueno $0.00 900g Combo Cantidad Máxima Equivale a ≈1 pza 3x2 Arroz Don Generozo 900g Otras Marcas $0.00 1 pz de 900g Combo Cantidad Máxima Equivale a ≈1 pza 3x2 Arroz Integral La Merced 750g La Merced $0.00 1 pieza de 750g Combo Cantidad Máxima Equivale a ≈1 pza 3x2 Arroz El Patron Mexicano 900g EL Patron Mexicano $0.00 907 g Combo Can",,2100,,,,unknown,
¡Nueva tarjeta de crédito HEB Afirme!,"¡Nueva tarjeta de crédito HEB Afirme! Consigue la tuya aquí Buscar productos Mis listas Mis pedidos Iniciar sesión $0 Pasillos Promociones exclusivas con Nuevos Productos Vive Saludable Mascotas Exclusivos en línea Live Promociones Lácteos y huevo Leche HEB Sabor Tradicional Leche Entera 1.89 L HEB Sabor Tradicional Leche Entera 1.89 L ☆ ☆ ☆ ☆ ☆ (0) Por favor, inicia sesión para escribir un comentario. HEB ST Referencia : 1020752 $43.00 . ＋ － Agregar Beneficio PRIME: -5% de descuento Este descuento especial está disponible solo para miembros PRIME. Promociones bancarias Obtén un 5% de cashback en todas tus compras en heb.com.mx y nuestra app con la tarjeta de crédito HEB Afirme . Solicítala aquí Métodos de entrega Pick&Go Delivery Compartir Lo que no sabías que te faltaba... HEB Pan de Muerto Chico con 3 pz HEB $62.90 ＋ － Agregar HEB Fruta Congelada Mix Bayas 453 g HEB $103.00 ＋ － Agregar Dona Maple 1 pz HEB $11.00 ＋ － Agregar HCF Café Soluble Regular 90 g HCF $51.90 ＋ － Agregar HCF Saborizante para Leche en Polvo Choco Shake 375 g HCF $47.00 ＋ － Agregar HEB Pan de Muerto Chico HEB $23.00 ＋ － Agregar Dona Chocolate 1 pz HEB $10.90 ＋ － Agregar HEB Fruta Congelada Blueberries 454 g HEB $76.00 ＋ － Agregar HEB Pan de Muerto Chico con 3 pz HEB $62.90 ＋ － Agregar HEB Fruta Congelada Mix Bayas 453 g HEB $103.00 ＋ － Agregar Dona Maple 1 pz HEB $11.00 ＋ － Agregar HCF Café Soluble Regular 90 g HCF $51.90 ＋ － Agregar HCF Saborizante para Leche en Polvo Choco Shake 375 g HCF $47.00 ＋ － Agregar HEB Pan de Muerto Chico HEB $23.00 ＋ － Agregar Dona Chocolate 1 pz HEB $10.90 ＋ － Agregar HEB Fruta Congelada Blueberries 454 g HEB $76.00 ＋ － Agregar HEB Pan de Muerto Chico con 3 pz HEB $62.90 ＋ － Agregar HEB Fruta Congelada Mix Bayas 453 g HEB $103.00 ＋ － Agregar Reseñas Comentarios Cargando el resumen… Por favor, inicia sesión para escribir un comentario. Más reciente Ordenar por: Más reciente Más antiguo Calificación más alta Calificación más baja Todos Filtrar por: Todos 1 estrella ",,0,,,,unknown,
Loading...,"Loading... ¿Sabías que tu navegador está desactualizado? Para evitar errores y tener la mejor experiencia de compra en nuestra web, actualizá tu navegador haciendo click acá. ¡Servicio Express! Comprá Retirá o recibí tu pedido en menos de 24 hs! (*Sujeto a disponibilidad) Código de ética Buscar por Lista Mi Cuenta Frutas y Verduras Verduras Hortalizas Livianas Tomate Redondo Grande Por Kg Agregar a la lista Tomate Redondo Grande Por Kg VERDULERIA PROPIA SKU : 23210315001 laburando Precio regular : $ PRECIO SIN IMPUESTOS NACIONALES: $ 2.533,03 Medios de pago disponibles Promociones bancarias Ver todas Condiciones para cambios y devoluciones Certificados Ver todos Su carrito se encuentra vacío Descripción Información Nutricional Especificaciones El Peso aproximado de un Tomate es de 180 Gr Dimensiones Peso Aproximado por Unidad 180 Gr Características Destacadas Tipo de Producto Tomates País de Origen Argentina Origen Nacional Loading... ¡Suscribite, sé el primero en conocer nuestras mejores ofertas y novedades! Sí, quiero suscribirme Ahora no",,2533.03,,,,unknown,
"¿Sabías que tu navegador está desactualizado? Para evitar errores y tener la mejor experiencia de compra en nuestra web,","¿Sabías que tu navegador está desactualizado? Para evitar errores y tener la mejor experiencia de compra en nuestra web, actualizá tu navegador haciendo click acá. ¡Servicio Express! Comprá Retirá o recibí tu pedido en menos de 24 hs! (*Sujeto a disponibilidad) Seleccioná el método de entrega Seleccioná el método de entrega Código de ética Buscar... Buscar por Lista Mi Cuenta Frutas y Verduras Verduras Verduras Empaquetadas Tomate Cherry Buy & Eat 250 Gr Agregar a la lista Tomate Cherry Buy & Eat 250 Gr BUY & EAT SKU : 23231534001 espacio $6.399 laburando Precio regular x kg.: $25.596 PRECIO SIN IMPUESTOS NACIONALES: $ 5.790,95 Tipo de Producto: Tomates País de Origen: Argentina Origen: Nacional Ver más características Agregar Medios de pago disponibles Promociones bancarias Ver todas Condiciones para cambios y devoluciones Certificados Su carrito se encuentra vacío Descripción Especificaciones Ingredientes Tomates cherry Características Destacadas Tipo de Producto Tomates País de Origen Argentina Origen Nacional ¡Llevalos juntos! Estás viendo: BUY & EAT Tomate Cherry Buy & Eat 250 Gr espacio $6.399 laburando Precio regular x kg.: $25.596 PRECIO SIN IMPUESTOS NACIONALES: $5.790,95 + VERDULERIA PROPIA Pimiento Verde Por Kg espacio $6.999 laburando Precio regular x kg.: $6.999 PRECIO SIN IMPUESTOS NACIONALES: $6.333,94 : $13.398 Agregar Términos más buscados 1. cafe 2. cerveza 3. leche 4. indumentaria 5. heladera 6. yogur 7. queso 8. aire acondicionado 9. galletitas 10. yerba",,6399,,,,unknown,
"¿Sabías que tu navegador está desactualizado? Para evitar errores y tener la mejor experiencia de compra en nuestra web,","¿Sabías que tu navegador está desactualizado? Para evitar errores y tener la mejor experiencia de compra en nuestra web, actualizá tu navegador haciendo click acá. ¡Servicio Express! Comprá Retirá o recibí tu pedido en menos de 24 hs! (*Sujeto a disponibilidad) Seleccioná el método de entrega Seleccioná el método de entrega Código de ética Buscar... Buscar por Lista Mi Cuenta Frutas y Verduras Verduras Verduras Empaquetadas Tomate Cherry Sueño Verde 250 Gr Agregar a la lista Tomate Cherry Sueño Verde 250 Gr SUEÑO VERDE SKU : 23231514001 Producto sin stock espacio $NaN laburando Precio regular x kg.: $13.693,56 PRECIO SIN IMPUESTOS NACIONALES: $ 3.098,09 Tipo de Producto: Tomates País de Origen: Argentina Origen: Nacional Ver más características Sin Stock AGREGAR Este producto no está disponible en este momento Quiero que me avisen cuando esté disponible Enviar Medios de pago disponibles Promociones bancarias Ver todas Condiciones para cambios y devoluciones Certificados Su carrito se encuentra vacío Descripción Especificaciones Ingredientes Tomate cherry (lycorpersicum esculentum) Características Destacadas Tipo de Producto Tomates País de Origen Argentina Origen Nacional ¡Llevalos juntos! Estás viendo: SUEÑO VERDE Tomate Cherry Sueño Verde 250 Gr espacio $NaN laburando Precio regular x kg.: $13.693,56 PRECIO SIN IMPUESTOS NACIONALES: $3.098,09 + VERDULERIA PROPIA Coliflór Por Kg espacio $4.299 laburando Precio regular x kg.: $4.299 PRECIO SIN IMPUESTOS NACIONALES: $3.890,5 : $4.299 Agregar Otros clientes también vieron Compra rápida Ver Producto POLYCHACO Papas Plychaco Noisette 500 Gr espacio $NaN laburando Precio regular x kg.: $7.998 PRECIO SIN IMPUESTOS NACIONALES: $3.619 Agregar Compra rápida Ver Producto SUEÑO VERDE Romero Sueño Verde 35 Gr espacio $NaN laburando Precio regular x 100 gr.: $9.997,14 PRECIO SIN IMPUESTOS NACIONALES: $3.166,52 Agregar Compra rápida Ver Producto SUEÑO VERDE Dúo De Rúculas Sueño Verde 100 Gr espacio $NaN laburando Precio regular x",,13693.56,,,,unknown,
Frescos,Frescos Lácteos Leches Leches Frescas Leches Enteras Descripción del producto ---- Características MARCA : LA SERENISIMA SIN TACC : SI,,,,,,unknown,
Frescos,"Frescos Lácteos Leches Leches Larga Vida Leches Enteras Descripción del producto Leche Entera Larga Vida Ilolay Ttb 1 Ltr Características MARCA : ILOLAY Últimos consultados NO ACUMULABLE CON OTRAS PROMOS Leche Entera Clasica LA SERENISIMA Sachet 1l OFERTA $1.380,00 Precio Regular: $1.740,00 Precio sin impuestos nacionales: $1.140,50 Agregar Ver planes de cuotas",,1380.00,,,,unknown,
Frescos,"Frescos Lácteos Leches Leches Larga Vida Leches Enteras Descripción del producto ---- Características MARCA : TREGAR SIN TACC : SI Últimos consultados Leche Entera Larga Vida Ilolay Ttb 1 Ltr $2.049,00 Precio regular: $2.049,00 Precio sin impuestos nacionales: $1.693,39 Agregar Ver planes de cuotas NO ACUMULABLE CON OTRAS PROMOS Leche Entera Clasica LA SERENISIMA Sachet 1l OFERTA $1.380,00 Precio Regular: $1.740,00 Precio sin impuestos nacionales: $1.140,50 Agregar Ver planes de cuotas",,2049.00,,,,unknown,
Frescos,"Frescos Lácteos Leches Leches Larga Vida Leches Enteras Descripción del producto Leche Larga Vida Entera VERONICA 1l Características MARCA : VERONICA SIN TACC : SI Últimos consultados Leche Larga Vida Entera TREGAR Ttb 1 L $2.040,00 Precio regular: $2.040,00 Precio sin impuestos nacionales: $1.685,95 Agregar Ver planes de cuotas Leche Entera Larga Vida Ilolay Ttb 1 Ltr $2.049,00 Precio regular: $2.049,00 Precio sin impuestos nacionales: $1.693,39 Agregar Ver planes de cuotas NO ACUMULABLE CON OTRAS PROMOS Leche Entera Clasica LA SERENISIMA Sachet 1l OFERTA $1.380,00 Precio Regular: $1.740,00 Precio sin impuestos nacionales: $1.140,50 Agregar Ver planes de cuotas",,2040.00,,,,unknown,
Frescos,"Frescos Lácteos Leches Leches Larga Vida Leches Enteras Descripción del producto Leche Larga Vida Entera LAS TRES NIÑAS Ttb 1l Características MARCA : LAS TRES NIÑAS SIN TACC : SI Últimos consultados Leche Larga Vida Entera VERONICA 1l $1.911,00 Precio regular: $1.911,00 Precio sin impuestos nacionales: $1.579,34 Agregar Ver planes de cuotas Leche Larga Vida Entera TREGAR Ttb 1 L $2.040,00 Precio regular: $2.040,00 Precio sin impuestos nacionales: $1.685,95 Agregar Ver planes de cuotas Leche Entera Larga Vida Ilolay Ttb 1 Ltr $2.049,00 Precio regular: $2.049,00 Precio sin impuestos nacionales: $1.693,39 Agregar Ver planes de cuotas NO ACUMULABLE CON OTRAS PROMOS Leche Entera Clasica LA SERENISIMA Sachet 1l OFERTA $1.380,00 Precio Regular: $1.740,00 Precio sin impuestos nacionales: $1.140,50 Agregar Ver planes de cuotas",,1911.00,,,,unknown,
Almacén,"Almacén Panaderia Panificados Molde Descripción del producto El Pan Frago Es El Pan Que Combina Recetas Tradicionales Mejoradas En El Tiempo, Con Ingredientes Nobles, Frescura Y Rico Sabor. Con Más De 50 Años De Trayectoria, Contamos Con Un Portfolio Variado Con Distintos Formatos Para Compartir En Casa. Características MARCA : FARGO Últimos consultados LLEVANDO 3 3X2 Leche Larga Vida Entera LAS TRES NIÑAS Ttb 1l PRECIO CON 3X2 $1.466,07 Precio Regular: $2.199,00 Precio sin impuestos nacionales: $1.817,36 Agregar Ver planes de cuotas Leche Larga Vida Entera VERONICA 1l $1.911,00 Precio regular: $1.911,00 Precio sin impuestos nacionales: $1.579,34 Agregar Ver planes de cuotas Leche Larga Vida Entera TREGAR Ttb 1 L $2.040,00 Precio regular: $2.040,00 Precio sin impuestos nacionales: $1.685,95 Agregar Ver planes de cuotas Leche Entera Larga Vida Ilolay Ttb 1 Ltr $2.049,00 Precio regular: $2.049,00 Precio sin impuestos nacionales: $1.693,39 Agregar Ver planes de cuotas NO ACUMULABLE CON OTRAS PROMOS Leche Entera Clasica LA SERENISIMA Sachet 1l OFERTA $1.380,00 Precio Regular: $1.740,00 Precio sin impuestos nacionales: $1.140,50 Agregar Ver planes de cuotas",,1466.07,,,,unknown,
Almacén,"Almacén Panaderia Panificados Molde Descripción del producto Pan Lacteado Blanco Rebanada Mas Grande Bimbo 610g Características MARCA : BIMBO Últimos consultados Pan Salvado FARGO 620g $6.550,00 Precio regular: $6.550,00 Precio sin impuestos nacionales: $5.413,22 Agregar Ver planes de cuotas LLEVANDO 3 3X2 Leche Larga Vida Entera LAS TRES NIÑAS Ttb 1l PRECIO CON 3X2 $1.466,07 Precio Regular: $2.199,00 Precio sin impuestos nacionales: $1.817,36 Agregar Ver planes de cuotas Leche Larga Vida Entera VERONICA 1l $1.911,00 Precio regular: $1.911,00 Precio sin impuestos nacionales: $1.579,34 Agregar Ver planes de cuotas Leche Larga Vida Entera TREGAR Ttb 1 L $2.040,00 Precio regular: $2.040,00 Precio sin impuestos nacionales: $1.685,95 Agregar Ver planes de cuotas Leche Entera Larga Vida Ilolay Ttb 1 Ltr $2.049,00 Precio regular: $2.049,00 Precio sin impuestos nacionales: $1.693,39 Agregar Ver planes de cuotas",,6550.00,,,,unknown,
¡Nueva tarjeta de crédito HEB Afirme!,"¡Nueva tarjeta de crédito HEB Afirme! Consigue la tuya aquí Elige método de entrega Buscar productos Mis listas Mis pedidos Iniciar sesión $0 Pasillos Promociones exclusivas con Nuevos Productos Vive Saludable Mascotas Exclusivos en línea Live Promociones Lácteos y huevo Leche Lala Leche Entera 1 L Lala Leche Entera 1 L ☆ ☆ ☆ ☆ ☆ (0) Por favor, inicia sesión para escribir un comentario. LALA Referencia : 1108 $37.00 . ＋ － Agregar Promociones bancarias Obtén un 5% de cashback en todas tus compras en heb.com.mx y nuestra app con la tarjeta de crédito HEB Afirme . Solicítala aquí Métodos de entrega Pick&Go Delivery Compartir Descripción Características Reseñas Tipo de producto Leche Marca Lala Denominación/Variedad Entera Contenido neto 1 l Presentación Tetra Pak País de origen México Advertencias de almacenamiento Conservar en un lugar fresco y seco Ingredientes Leche entera de vaca, Vitamina A (µg equivalentes de retinol) y Vitamina D Alérgenos declarados Leche Beneficios nutricionales Adicionada con vitaminas A y D Denominación contenido de grasa Entera Porción sugerida 250 ml Porciones por envase 4 Energía por porción 154 Kcal Proteínas totales por porción 7.8 g Grasas totales por porción 8.3 g Carbohidratos totales por porción 12 g Azúcares totales por porción Azúcares 12 g. Azúcares añadidos 0 g Sodio por porción 116 mg Suscríbete a nuestro Newsletter y entérate de las ofertas y lanzamientos. Suscríbete a nuestro Newsletter y entérate de las ofertas y lanzamientos. Suscríbete Aviso de Privacidad | Términos y Condiciones | Politica de Devoluciones | Términos y Condiciones: Cupones y Promociones | Promociones Bancarias © 2024 H-E-B México - TODOS LOS DERECHOS RESERVADOS",,0,,,,unknown,
Almacén,"Almacén Panaderia Panificados Molde Descripción del producto Pan De Mesa Grande La Perla 550g Características MARCA : LA PERLA Últimos consultados Pan Lacteado Blanco Rebanada Mas Grande Bimbo 610g $6.434,00 Precio regular: $6.434,00 Precio sin impuestos nacionales: $5.317,36 Agregar Ver planes de cuotas Pan Salvado FARGO 620g $6.550,00 Precio regular: $6.550,00 Precio sin impuestos nacionales: $5.413,22 Agregar Ver planes de cuotas LLEVANDO 3 3X2 Leche Larga Vida Entera LAS TRES NIÑAS Ttb 1l PRECIO CON 3X2 $1.466,07 Precio Regular: $2.199,00 Precio sin impuestos nacionales: $1.817,36 Agregar Ver planes de cuotas Leche Larga Vida Entera VERONICA 1l $1.911,00 Precio regular: $1.911,00 Precio sin impuestos nacionales: $1.579,34 Agregar Ver planes de cuotas Leche Larga Vida Entera TREGAR Ttb 1 L $2.040,00 Precio regular: $2.040,00 Precio sin impuestos nacionales: $1.685,95 Agregar Ver planes de cuotas",,6434.00,,,,unknown,
Almacén,"Almacén Panaderia Panificados Cereales Descripción del producto Pan Salvado Grande Noly Bsa 600 Grm Características MARCA : NOLY Últimos consultados Pan De Mesa Grande La Perla 550g $3.980,00 Precio regular: $3.980,00 Precio sin impuestos nacionales: $3.289,26 Agregar Ver planes de cuotas Pan Lacteado Blanco Rebanada Mas Grande Bimbo 610g $6.434,00 Precio regular: $6.434,00 Precio sin impuestos nacionales: $5.317,36 Agregar Ver planes de cuotas Pan Salvado FARGO 620g $6.550,00 Precio regular: $6.550,00 Precio sin impuestos nacionales: $5.413,22 Agregar Ver planes de cuotas LLEVANDO 3 3X2 Leche Larga Vida Entera LAS TRES NIÑAS Ttb 1l PRECIO CON 3X2 $1.466,07 Precio Regular: $2.199,00 Precio sin impuestos nacionales: $1.817,36 Agregar Ver planes de cuotas Leche Larga Vida Entera VERONICA 1l $1.911,00 Precio regular: $1.911,00 Precio sin impuestos nacionales: $1.579,34 Agregar Ver planes de cuotas",,3980.00,,,,unknown,
Almacén,"Almacén Panaderia Panaderia Propia Panificados Baguette Descripción del producto Baguette COTO Características MARCA : COTO Últimos consultados LLEVANDO 2 70% 2DA Pan Salvado Grande Noly Bsa 600 Grm PRECIO CON 70% 2DA $2.865,20 Precio Regular: $4.408,00 Precio sin impuestos nacionales: $3.642,98 Agregar Ver planes de cuotas Pan De Mesa Grande La Perla 550g $3.980,00 Precio regular: $3.980,00 Precio sin impuestos nacionales: $3.289,26 Agregar Ver planes de cuotas Pan Lacteado Blanco Rebanada Mas Grande Bimbo 610g $6.434,00 Precio regular: $6.434,00 Precio sin impuestos nacionales: $5.317,36 Agregar Ver planes de cuotas Pan Salvado FARGO 620g $6.550,00 Precio regular: $6.550,00 Precio sin impuestos nacionales: $5.413,22 Agregar Ver planes de cuotas LLEVANDO 3 3X2 Leche Larga Vida Entera LAS TRES NIÑAS Ttb 1l PRECIO CON 3X2 $1.466,07 Precio Regular: $2.199,00 Precio sin impuestos nacionales: $1.817,36 Agregar Ver planes de cuotas",,2865.20,,,,unknown,
Almacén,"Almacén Endulzantes Azúcar Descripción del producto Azúcar Superior Real LEDESMA 1kg Características MARCA : LEDESMA Últimos consultados Baguette COTO $1.312,00 Precio regular: $1.312,00 Precio sin impuestos nacionales: $1.084,30 Agregar Ver planes de cuotas LLEVANDO 2 70% 2DA Pan Salvado Grande Noly Bsa 600 Grm PRECIO CON 70% 2DA $2.865,20 Precio Regular: $4.408,00 Precio sin impuestos nacionales: $3.642,98 Agregar Ver planes de cuotas Pan De Mesa Grande La Perla 550g $3.980,00 Precio regular: $3.980,00 Precio sin impuestos nacionales: $3.289,26 Agregar Ver planes de cuotas Pan Lacteado Blanco Rebanada Mas Grande Bimbo 610g $6.434,00 Precio regular: $6.434,00 Precio sin impuestos nacionales: $5.317,36 Agregar Ver planes de cuotas Pan Salvado FARGO 620g $6.550,00 Precio regular: $6.550,00 Precio sin impuestos nacionales: $5.413,22 Agregar Ver planes de cuotas",,1312.00,,,,unknown,
Almacén,"Almacén Endulzantes Azúcar Descripción del producto Azúcar La Perla 1 Kg Características MARCA : LA PERLA Últimos consultados NO ACUMULABLE CON OTRAS PROMOS Azúcar Superior Real LEDESMA 1kg $1.299,00 Precio regular: $1.299,00 Precio sin impuestos nacionales: $1.073,55 Agregar Ver planes de cuotas Baguette COTO $1.312,00 Precio regular: $1.312,00 Precio sin impuestos nacionales: $1.084,30 Agregar Ver planes de cuotas LLEVANDO 2 70% 2DA Pan Salvado Grande Noly Bsa 600 Grm PRECIO CON 70% 2DA $2.865,20 Precio Regular: $4.408,00 Precio sin impuestos nacionales: $3.642,98 Agregar Ver planes de cuotas Pan De Mesa Grande La Perla 550g $3.980,00 Precio regular: $3.980,00 Precio sin impuestos nacionales: $3.289,26 Agregar Ver planes de cuotas Pan Lacteado Blanco Rebanada Mas Grande Bimbo 610g $6.434,00 Precio regular: $6.434,00 Precio sin impuestos nacionales: $5.317,36 Agregar Ver planes de cuotas",,1299.00,,,,unknown,
Almacén,"Almacén Endulzantes Azúcar Descripción del producto Azúcar Cristal Uniao 1kg Características MARCA : UNIAO Últimos consultados Azúcar La Perla 1 Kg $990,00 Precio regular: $990,00 Precio sin impuestos nacionales: $818,18 Agregar Ver planes de cuotas NO ACUMULABLE CON OTRAS PROMOS Azúcar Superior Real LEDESMA 1kg $1.299,00 Precio regular: $1.299,00 Precio sin impuestos nacionales: $1.073,55 Agregar Ver planes de cuotas Baguette COTO $1.312,00 Precio regular: $1.312,00 Precio sin impuestos nacionales: $1.084,30 Agregar Ver planes de cuotas LLEVANDO 2 70% 2DA Pan Salvado Grande Noly Bsa 600 Grm PRECIO CON 70% 2DA $2.865,20 Precio Regular: $4.408,00 Precio sin impuestos nacionales: $3.642,98 Agregar Ver planes de cuotas Pan De Mesa Grande La Perla 550g $3.980,00 Precio regular: $3.980,00 Precio sin impuestos nacionales: $3.289,26 Agregar Ver planes de cuotas",,990.00,,,,unknown,
Almacén,"Almacén Endulzantes Azúcar Descripción del producto Azúcar Organica Sugar Pot 800g Características MARCA : SUGAR POT Últimos consultados NO ACUMULABLE CON OTRAS PROMOS Azúcar Cristal Uniao 1kg $1.699,00 Precio regular: $1.699,00 Precio sin impuestos nacionales: $1.404,13 Agregar Ver planes de cuotas Azúcar La Perla 1 Kg $990,00 Precio regular: $990,00 Precio sin impuestos nacionales: $818,18 Agregar Ver planes de cuotas NO ACUMULABLE CON OTRAS PROMOS Azúcar Superior Real LEDESMA 1kg $1.299,00 Precio regular: $1.299,00 Precio sin impuestos nacionales: $1.073,55 Agregar Ver planes de cuotas Baguette COTO $1.312,00 Precio regular: $1.312,00 Precio sin impuestos nacionales: $1.084,30 Agregar Ver planes de cuotas LLEVANDO 2 70% 2DA Pan Salvado Grande Noly Bsa 600 Grm PRECIO CON 70% 2DA $2.865,20 Precio Regular: $4.408,00 Precio sin impuestos nacionales: $3.642,98 Agregar Ver planes de cuotas",,1699.00,,,,unknown,
Almacén,"Almacén Endulzantes Azúcar Descripción del producto Azúcar AZUCEL 1kg Características MARCA : AZUCEL Últimos consultados Azúcar Organica Sugar Pot 800g $4.399,00 Precio regular: $4.399,00 Precio sin impuestos nacionales: $3.635,54 Agregar Ver planes de cuotas NO ACUMULABLE CON OTRAS PROMOS Azúcar Cristal Uniao 1kg $1.699,00 Precio regular: $1.699,00 Precio sin impuestos nacionales: $1.404,13 Agregar Ver planes de cuotas Azúcar La Perla 1 Kg $990,00 Precio regular: $990,00 Precio sin impuestos nacionales: $818,18 Agregar Ver planes de cuotas NO ACUMULABLE CON OTRAS PROMOS Azúcar Superior Real LEDESMA 1kg $1.299,00 Precio regular: $1.299,00 Precio sin impuestos nacionales: $1.073,55 Agregar Ver planes de cuotas Baguette COTO $1.312,00 Precio regular: $1.312,00 Precio sin impuestos nacionales: $1.084,30 Agregar Ver planes de cuotas",,4399.00,,,,unknown,
Almacén,"Almacén Pasta Seca, Lista Y Rellenas Pastas Secas Semola Descripción del producto Fideos Tallarin N5 Lucchetti 500g Características MARCA : LUCCHETTI Últimos consultados NO ACUMULABLE CON OTRAS PROMOS Azúcar AZUCEL 1kg $990,00 Precio regular: $990,00 Precio sin impuestos nacionales: $818,18 Agregar Ver planes de cuotas Azúcar Organica Sugar Pot 800g $4.399,00 Precio regular: $4.399,00 Precio sin impuestos nacionales: $3.635,54 Agregar Ver planes de cuotas NO ACUMULABLE CON OTRAS PROMOS Azúcar Cristal Uniao 1kg $1.699,00 Precio regular: $1.699,00 Precio sin impuestos nacionales: $1.404,13 Agregar Ver planes de cuotas Azúcar La Perla 1 Kg $990,00 Precio regular: $990,00 Precio sin impuestos nacionales: $818,18 Agregar Ver planes de cuotas NO ACUMULABLE CON OTRAS PROMOS Azúcar Superior Real LEDESMA 1kg $1.299,00 Precio regular: $1.299,00 Precio sin impuestos nacionales: $1.073,55 Agregar Ver planes de cuotas",,990.00,,,,unknown,
Almacén,"Almacén Pasta Seca, Lista Y Rellenas Pastas Secas Semola Descripción del producto Fideos Tallarin N° 5 Matarazzo 500g Características MARCA : MATARAZZO Últimos consultados 35%DTO Fideos Tallarin N5 Lucchetti 500g PRECIO CON 35%DTO $975,00 Precio Regular: $1.500,00 Precio sin impuestos nacionales: $1.239,67 Agregar Ver planes de cuotas NO ACUMULABLE CON OTRAS PROMOS Azúcar AZUCEL 1kg $990,00 Precio regular: $990,00 Precio sin impuestos nacionales: $818,18 Agregar Ver planes de cuotas Azúcar Organica Sugar Pot 800g $4.399,00 Precio regular: $4.399,00 Precio sin impuestos nacionales: $3.635,54 Agregar Ver planes de cuotas NO ACUMULABLE CON OTRAS PROMOS Azúcar Cristal Uniao 1kg $1.699,00 Precio regular: $1.699,00 Precio sin impuestos nacionales: $1.404,13 Agregar Ver planes de cuotas Azúcar La Perla 1 Kg $990,00 Precio regular: $990,00 Precio sin impuestos nacionales: $818,18 Agregar Ver planes de cuotas",,975.00,,,,unknown,
¡Nueva tarjeta de crédito HEB Afirme!,¡Nueva tarjeta de crédito HEB Afirme! Consigue la tuya aquí Elige método de entrega Buscar productos Mis listas Mis pedidos Iniciar sesión $0 Pasillos Promociones exclusivas con Nuevos Productos Vive Saludable Mascotas Exclusivos en línea Live Promociones 404 ¡Oops! La página no ha sido encontrada Regresar Buscar productos Te puede interesar Ver más Gatorlyte Sabor Fresa Kiwi 591 ml GATORLYTE $19.00 $24.00 Compra 2 y Llevate el 3ero Gratis en Gatorlyte Electrolitos de 591 Ml ＋ － Agregar Gatorlyte Sabor Naranja 591 ml GATORLYTE $24.00 Compra 2 y Llevate el 3ero Gratis en Gatorlyte Electrolitos de 591 Ml ＋ － Agregar Gatorlyte Sabor Uva 591 ml GATORLYTE $24.00 Compra 2 y Llevate el 3ero Gratis en Gatorlyte Electrolitos de 591 Ml ＋ － Agregar Gatorlyte Sabor Coco 591 ml GATORLYTE $24.00 Compra 2 y Llevate el 3ero Gratis en Gatorlyte Electrolitos de 591 Ml ＋ － Agregar Ver más Suscríbete a nuestro Newsletter y entérate de las ofertas y lanzamientos. Suscríbete a nuestro Newsletter y entérate de las ofertas y lanzamientos. Suscríbete Aviso de Privacidad | Términos y Condiciones | Politica de Devoluciones | Términos y Condiciones: Cupones y Promociones | Promociones Bancarias © 2024 H-E-B México - TODOS LOS DERECHOS RESERVADOS,,0,,,,unknown,
Almacén,"Almacén Pasta Seca, Lista Y Rellenas Pastas Secas Semola Descripción del producto ---- Características TIPO DE PASTA : ESPAGUETI MARCA : BARILLA AL HUEVO : NO RELLENA : NO TIPO DE ENVASE : CAJA PESO : 500 GR SIN TACC : NO Últimos consultados 35%DTO Fideos Tallarin N° 5 Matarazzo 500g PRECIO CON 35%DTO $1.137,50 Precio Regular: $1.750,00 Precio sin impuestos nacionales: $1.446,28 Agregar Ver planes de cuotas 35%DTO Fideos Tallarin N5 Lucchetti 500g PRECIO CON 35%DTO $975,00 Precio Regular: $1.500,00 Precio sin impuestos nacionales: $1.239,67 Agregar Ver planes de cuotas NO ACUMULABLE CON OTRAS PROMOS Azúcar AZUCEL 1kg $990,00 Precio regular: $990,00 Precio sin impuestos nacionales: $818,18 Agregar Ver planes de cuotas Azúcar Organica Sugar Pot 800g $4.399,00 Precio regular: $4.399,00 Precio sin impuestos nacionales: $3.635,54 Agregar Ver planes de cuotas NO ACUMULABLE CON OTRAS PROMOS Azúcar Cristal Uniao 1kg $1.699,00 Precio regular: $1.699,00 Precio sin impuestos nacionales: $1.404,13 Agregar Ver planes de cuotas",,1137.50,,,,unknown,
Almacén,"Almacén Pasta Seca, Lista Y Rellenas Pastas Secas Semola Descripción del producto ---- Características MARCA : DELVERDE SIN TACC : NO Últimos consultados 35%DTO Espagueti BARILLA Caja 500 Gr PRECIO CON 35%DTO $4.224,35 Precio Regular: $6.499,00 Precio sin impuestos nacionales: $5.371,07 Agregar Ver planes de cuotas 35%DTO Fideos Tallarin N° 5 Matarazzo 500g PRECIO CON 35%DTO $1.137,50 Precio Regular: $1.750,00 Precio sin impuestos nacionales: $1.446,28 Agregar Ver planes de cuotas 35%DTO Fideos Tallarin N5 Lucchetti 500g PRECIO CON 35%DTO $975,00 Precio Regular: $1.500,00 Precio sin impuestos nacionales: $1.239,67 Agregar Ver planes de cuotas NO ACUMULABLE CON OTRAS PROMOS Azúcar AZUCEL 1kg $990,00 Precio regular: $990,00 Precio sin impuestos nacionales: $818,18 Agregar Ver planes de cuotas Azúcar Organica Sugar Pot 800g $4.399,00 Precio regular: $4.399,00 Precio sin impuestos nacionales: $3.635,54 Agregar Ver planes de cuotas",,4224.35,,,,unknown,
Almacén,"Almacén Pasta Seca, Lista Y Rellenas Pastas Secas Semola Descripción del producto ---- Características TIPO DE PASTA : ESPAGUETI MARCA : FAVORITA AL HUEVO : NO RELLENA : NO PESO : 500 GR SIN TACC : NO Últimos consultados 35%DTO Fid.Lar.Sem Spaghetti Nuev Delverde Paq 500 Grm PRECIO CON 35%DTO $4.088,50 Precio Regular: $6.290,00 Precio sin impuestos nacionales: $5.198,35 Agregar Ver planes de cuotas 35%DTO Espagueti BARILLA Caja 500 Gr PRECIO CON 35%DTO $4.224,35 Precio Regular: $6.499,00 Precio sin impuestos nacionales: $5.371,07 Agregar Ver planes de cuotas 35%DTO Fideos Tallarin N° 5 Matarazzo 500g PRECIO CON 35%DTO $1.137,50 Precio Regular: $1.750,00 Precio sin impuestos nacionales: $1.446,28 Agregar Ver planes de cuotas 35%DTO Fideos Tallarin N5 Lucchetti 500g PRECIO CON 35%DTO $975,00 Precio Regular: $1.500,00 Precio sin impuestos nacionales: $1.239,67 Agregar Ver planes de cuotas NO ACUMULABLE CON OTRAS PROMOS Azúcar AZUCEL 1kg $990,00 Precio regular: $990,00 Precio sin impuestos nacionales: $818,18 Agregar Ver planes de cuotas",,4088.50,,,,unknown,
Cargando...,Cargando...,,,,,,unknown,
Frescos,"Frescos Huevos Huevos Blanco Descripción del producto Huevo Blanco Extra 12u Características Últimos consultados 35%DTO Espagueti FAVORITA 500 Gr PRECIO CON 35%DTO $627,25 Precio Regular: $965,00 Precio sin impuestos nacionales: $797,52 Agregar Ver planes de cuotas 35%DTO Fid.Lar.Sem Spaghetti Nuev Delverde Paq 500 Grm PRECIO CON 35%DTO $4.088,50 Precio Regular: $6.290,00 Precio sin impuestos nacionales: $5.198,35 Agregar Ver planes de cuotas 35%DTO Espagueti BARILLA Caja 500 Gr PRECIO CON 35%DTO $4.224,35 Precio Regular: $6.499,00 Precio sin impuestos nacionales: $5.371,07 Agregar Ver planes de cuotas 35%DTO Fideos Tallarin N° 5 Matarazzo 500g PRECIO CON 35%DTO $1.137,50 Precio Regular: $1.750,00 Precio sin impuestos nacionales: $1.446,28 Agregar Ver planes de cuotas 35%DTO Fideos Tallarin N5 Lucchetti 500g PRECIO CON 35%DTO $975,00 Precio Regular: $1.500,00 Precio sin impuestos nacionales: $1.239,67 Agregar Ver planes de cuotas",,627.25,,,,unknown,
Frescos,"Frescos Huevos Huevos Blanco Descripción del producto ---- Características MARCA : COTO Últimos consultados 15%DTO Huevo Blanco Extra 12u PRECIO CON 15%DTO $3.961,00 Precio Regular: $4.660,00 Precio sin impuestos nacionales: $3.851,24 Agregar Ver planes de cuotas 35%DTO Espagueti FAVORITA 500 Gr PRECIO CON 35%DTO $627,25 Precio Regular: $965,00 Precio sin impuestos nacionales: $797,52 Agregar Ver planes de cuotas 35%DTO Fid.Lar.Sem Spaghetti Nuev Delverde Paq 500 Grm PRECIO CON 35%DTO $4.088,50 Precio Regular: $6.290,00 Precio sin impuestos nacionales: $5.198,35 Agregar Ver planes de cuotas 35%DTO Espagueti BARILLA Caja 500 Gr PRECIO CON 35%DTO $4.224,35 Precio Regular: $6.499,00 Precio sin impuestos nacionales: $5.371,07 Agregar Ver planes de cuotas 35%DTO Fideos Tallarin N° 5 Matarazzo 500g PRECIO CON 35%DTO $1.137,50 Precio Regular: $1.750,00 Precio sin impuestos nacionales: $1.446,28 Agregar Ver planes de cuotas",,3961.00,,,,unknown,
Frescos,"Frescos Huevos Huevos Blanco Descripción del producto Huevo Blanco Grande 6u Características MARCA : AVICOLA BRANDSEN Últimos consultados 15%DTO Huevo Blanco . Coto Bli 12 Uni PRECIO CON 15%DTO $4.241,50 Precio Regular: $4.990,00 Precio sin impuestos nacionales: $4.123,97 Agregar Ver planes de cuotas 15%DTO Huevo Blanco Extra 12u PRECIO CON 15%DTO $3.961,00 Precio Regular: $4.660,00 Precio sin impuestos nacionales: $3.851,24 Agregar Ver planes de cuotas 35%DTO Espagueti FAVORITA 500 Gr PRECIO CON 35%DTO $627,25 Precio Regular: $965,00 Precio sin impuestos nacionales: $797,52 Agregar Ver planes de cuotas 35%DTO Fid.Lar.Sem Spaghetti Nuev Delverde Paq 500 Grm PRECIO CON 35%DTO $4.088,50 Precio Regular: $6.290,00 Precio sin impuestos nacionales: $5.198,35 Agregar Ver planes de cuotas 35%DTO Espagueti BARILLA Caja 500 Gr PRECIO CON 35%DTO $4.224,35 Precio Regular: $6.499,00 Precio sin impuestos nacionales: $5.371,07 Agregar Ver planes de cuotas",,4241.50,,,,unknown,
Frescos,"Frescos Huevos Huevos Color Descripción del producto Huevo Color Libre Jaula CARNAVE 6 Uni Características MARCA : CARNAVE Últimos consultados 20%DTO Huevo Blanco Grande 6u PRECIO CON 20%DTO $1.596,00 Precio Regular: $1.995,00 Precio sin impuestos nacionales: $1.648,76 Agregar Ver planes de cuotas 15%DTO Huevo Blanco . Coto Bli 12 Uni PRECIO CON 15%DTO $4.241,50 Precio Regular: $4.990,00 Precio sin impuestos nacionales: $4.123,97 Agregar Ver planes de cuotas 15%DTO Huevo Blanco Extra 12u PRECIO CON 15%DTO $3.961,00 Precio Regular: $4.660,00 Precio sin impuestos nacionales: $3.851,24 Agregar Ver planes de cuotas 35%DTO Espagueti FAVORITA 500 Gr PRECIO CON 35%DTO $627,25 Precio Regular: $965,00 Precio sin impuestos nacionales: $797,52 Agregar Ver planes de cuotas 35%DTO Fid.Lar.Sem Spaghetti Nuev Delverde Paq 500 Grm PRECIO CON 35%DTO $4.088,50 Precio Regular: $6.290,00 Precio sin impuestos nacionales: $5.198,35 Agregar Ver planes de cuotas",,1596.00,,,,unknown,
Frescos,"Frescos Quesos Quesos Blandos Queso Muzzarella Descripción del producto Queso Mozzarella Sin Lactosa LA SERENISIMA 500g Características MARCA : LA SERENISIMA SIN TACC : SI Últimos consultados Huevo Color Libre Jaula CARNAVE 6 Uni $4.310,00 Precio regular: $4.310,00 Precio sin impuestos nacionales: $3.561,98 Agregar Ver planes de cuotas 20%DTO Huevo Blanco Grande 6u PRECIO CON 20%DTO $1.596,00 Precio Regular: $1.995,00 Precio sin impuestos nacionales: $1.648,76 Agregar Ver planes de cuotas 15%DTO Huevo Blanco . Coto Bli 12 Uni PRECIO CON 15%DTO $4.241,50 Precio Regular: $4.990,00 Precio sin impuestos nacionales: $4.123,97 Agregar Ver planes de cuotas 15%DTO Huevo Blanco Extra 12u PRECIO CON 15%DTO $3.961,00 Precio Regular: $4.660,00 Precio sin impuestos nacionales: $3.851,24 Agregar Ver planes de cuotas 35%DTO Espagueti FAVORITA 500 Gr PRECIO CON 35%DTO $627,25 Precio Regular: $965,00 Precio sin impuestos nacionales: $797,52 Agregar Ver planes de cuotas",,4310.00,,,,unknown,
Frescos,"Frescos Quesos Quesos Blandos Queso Cremoso Descripción del producto ---- Características MARCA : LA PAULINA SIN TACC : NO Últimos consultados Queso Mozzarella Sin Lactosa LA SERENISIMA 500g $10.925,00 Precio regular: $10.925,00 Precio sin impuestos nacionales: $9.028,93 Agregar Ver planes de cuotas Huevo Color Libre Jaula CARNAVE 6 Uni $4.310,00 Precio regular: $4.310,00 Precio sin impuestos nacionales: $3.561,98 Agregar Ver planes de cuotas 20%DTO Huevo Blanco Grande 6u PRECIO CON 20%DTO $1.596,00 Precio Regular: $1.995,00 Precio sin impuestos nacionales: $1.648,76 Agregar Ver planes de cuotas 15%DTO Huevo Blanco . Coto Bli 12 Uni PRECIO CON 15%DTO $4.241,50 Precio Regular: $4.990,00 Precio sin impuestos nacionales: $4.123,97 Agregar Ver planes de cuotas 15%DTO Huevo Blanco Extra 12u PRECIO CON 15%DTO $3.961,00 Precio Regular: $4.660,00 Precio sin impuestos nacionales: $3.851,24 Agregar Ver planes de cuotas",,10925.00,,,,unknown,
¡Nueva tarjeta de crédito HEB Afirme!,"¡Nueva tarjeta de crédito HEB Afirme! Consigue la tuya aquí Elige método de entrega Buscar productos Mis listas Mis pedidos Iniciar sesión $0 Pasillos Promociones exclusivas con Nuevos Productos Vive Saludable Mascotas Exclusivos en línea Live Promociones Pan Empacado Integral Pan Blanco Bimbo Pan Blanco Bimbo ☆ ☆ ☆ ☆ ☆ (0) Por favor, inicia sesión para escribir un comentario. BIMBO Referencia : 781357 $56.00 . ＋ － Agregar Promociones bancarias Obtén un 5% de cashback en todas tus compras en heb.com.mx y nuestra app con la tarjeta de crédito HEB Afirme . Solicítala aquí Métodos de entrega Pick&Go Delivery Compartir Reseñas Comentarios ☆ ☆ ☆ ☆ ☆ 0 Calificación promedio (0 comentarios) Por favor, inicia sesión para escribir un comentario. Más reciente Ordenar por: Más reciente Más antiguo Calificación más alta Calificación más baja Todos Filtrar por: Todos 1 estrella 2 estrellas 3 estrellas 4 estrellas 5 estrellas No hay comentarios. Suscríbete a nuestro Newsletter y entérate de las ofertas y lanzamientos. Suscríbete a nuestro Newsletter y entérate de las ofertas y lanzamientos. Suscríbete Aviso de Privacidad | Términos y Condiciones | Politica de Devoluciones | Términos y Condiciones: Cupones y Promociones | Promociones Bancarias © 2024 H-E-B México - TODOS LOS DERECHOS RESERVADOS",,0,,,,unknown,
Frescos,"Frescos Quesos Quesos Blandos Queso Cremoso Descripción del producto Queso Cremoso PUNTA DEL AGUA X Kg Características MARCA : PUNTA DEL AGUA SIN TACC : SI ORIGEN : ARGENTINA Últimos consultados NO ACUMULABLE CON OTRAS PROMOS Queso Cremoso Fraccionado LA PAULINA Xkg OFERTA $8.999,00 Precio Regular: $11.299,00 Precio sin impuestos nacionales: $7.437,19 Agregar Ver planes de cuotas Queso Mozzarella Sin Lactosa LA SERENISIMA 500g $10.925,00 Precio regular: $10.925,00 Precio sin impuestos nacionales: $9.028,93 Agregar Ver planes de cuotas Huevo Color Libre Jaula CARNAVE 6 Uni $4.310,00 Precio regular: $4.310,00 Precio sin impuestos nacionales: $3.561,98 Agregar Ver planes de cuotas 20%DTO Huevo Blanco Grande 6u PRECIO CON 20%DTO $1.596,00 Precio Regular: $1.995,00 Precio sin impuestos nacionales: $1.648,76 Agregar Ver planes de cuotas 15%DTO Huevo Blanco . Coto Bli 12 Uni PRECIO CON 15%DTO $4.241,50 Precio Regular: $4.990,00 Precio sin impuestos nacionales: $4.123,97 Agregar Ver planes de cuotas",,8999.00,,,,unknown,
Frescos,"Frescos Quesos Quesos Blandos Queso Muzzarella Descripción del producto Queso Mozzarella Feteado Doña Aurora X 170g Características MARCA : DOÑA AURORA SIN TACC : SI Últimos consultados Queso Cremoso PUNTA DEL AGUA X Kg $12.299,00 Precio regular: $12.299,00 Precio sin impuestos nacionales: $10.164,46 Agregar Ver planes de cuotas NO ACUMULABLE CON OTRAS PROMOS Queso Cremoso Fraccionado LA PAULINA Xkg OFERTA $8.999,00 Precio Regular: $11.299,00 Precio sin impuestos nacionales: $7.437,19 Agregar Ver planes de cuotas Queso Mozzarella Sin Lactosa LA SERENISIMA 500g $10.925,00 Precio regular: $10.925,00 Precio sin impuestos nacionales: $9.028,93 Agregar Ver planes de cuotas Huevo Color Libre Jaula CARNAVE 6 Uni $4.310,00 Precio regular: $4.310,00 Precio sin impuestos nacionales: $3.561,98 Agregar Ver planes de cuotas 20%DTO Huevo Blanco Grande 6u PRECIO CON 20%DTO $1.596,00 Precio Regular: $1.995,00 Precio sin impuestos nacionales: $1.648,76 Agregar Ver planes de cuotas",,12299.00,,,,unknown,
Frescos,"Frescos Quesos Queso Semiduro Danbo Descripción del producto Queso Danbo Las Tres Niñas X 1kg Características MARCA : LAS TRES NIÑAS Últimos consultados Queso Mozzarella Feteado Doña Aurora X 170g $4.435,00 Precio regular: $4.435,00 Precio sin impuestos nacionales: $3.665,29 Agregar Ver planes de cuotas Queso Cremoso PUNTA DEL AGUA X Kg $12.299,00 Precio regular: $12.299,00 Precio sin impuestos nacionales: $10.164,46 Agregar Ver planes de cuotas NO ACUMULABLE CON OTRAS PROMOS Queso Cremoso Fraccionado LA PAULINA Xkg OFERTA $8.999,00 Precio Regular: $11.299,00 Precio sin impuestos nacionales: $7.437,19 Agregar Ver planes de cuotas Queso Mozzarella Sin Lactosa LA SERENISIMA 500g $10.925,00 Precio regular: $10.925,00 Precio sin impuestos nacionales: $9.028,93 Agregar Ver planes de cuotas Huevo Color Libre Jaula CARNAVE 6 Uni $4.310,00 Precio regular: $4.310,00 Precio sin impuestos nacionales: $3.561,98 Agregar Ver planes de cuotas",,4435.00,,,,unknown,
Bebidas,"Bebidas Bebidas Sin Alcohol Gaseosas Descripción del producto Nada Supera El Sabor De Una Coca-Cola. Diseñado Para Acompañar Cada Momento, El Sabor De La Coca-Cola Es Un Clásico Que Perdura Desde Hace Más De 130 Años. Deliciosa Y Refrescante. Características MARCA : COCA COLA VARIANTE : SABOR ORIGINAL SABOR : COLA EMPAQUE : BOTELLA CONTENIDO : 2.25 L BOTELLA RETORNABLE : NO Últimos consultados NO ACUMULABLE CON OTRAS PROMOS Queso Danbo Las Tres Niñas X 1kg OFERTA $10.799,00 Precio Regular: $13.599,00 Precio sin impuestos nacionales: $8.924,79 Agregar Ver planes de cuotas Queso Mozzarella Feteado Doña Aurora X 170g $4.435,00 Precio regular: $4.435,00 Precio sin impuestos nacionales: $3.665,29 Agregar Ver planes de cuotas Queso Cremoso PUNTA DEL AGUA X Kg $12.299,00 Precio regular: $12.299,00 Precio sin impuestos nacionales: $10.164,46 Agregar Ver planes de cuotas NO ACUMULABLE CON OTRAS PROMOS Queso Cremoso Fraccionado LA PAULINA Xkg OFERTA $8.999,00 Precio Regular: $11.299,00 Precio sin impuestos nacionales: $7.437,19 Agregar Ver planes de cuotas Queso Mozzarella Sin Lactosa LA SERENISIMA 500g $10.925,00 Precio regular: $10.925,00 Precio sin impuestos nacionales: $9.028,93 Agregar Ver planes de cuotas",,10799.00,,,,unknown,
Bebidas,"Bebidas Bebidas Sin Alcohol Gaseosas Descripción del producto Gaseosa Cola Pepsi 2l Características MARCA : PEPSI Últimos consultados NO ACUMULABLE CON OTRAS PROMOS Gaseosa Coca-Cola Sabor Original 2,25 Lt PRECIO CON 50% 2DA $3.450,00 Precio Regular: $4.600,00 Precio sin impuestos nacionales: $3.801,65 Agregar Ver planes de cuotas NO ACUMULABLE CON OTRAS PROMOS Queso Danbo Las Tres Niñas X 1kg OFERTA $10.799,00 Precio Regular: $13.599,00 Precio sin impuestos nacionales: $8.924,79 Agregar Ver planes de cuotas Queso Mozzarella Feteado Doña Aurora X 170g $4.435,00 Precio regular: $4.435,00 Precio sin impuestos nacionales: $3.665,29 Agregar Ver planes de cuotas Queso Cremoso PUNTA DEL AGUA X Kg $12.299,00 Precio regular: $12.299,00 Precio sin impuestos nacionales: $10.164,46 Agregar Ver planes de cuotas NO ACUMULABLE CON OTRAS PROMOS Queso Cremoso Fraccionado LA PAULINA Xkg OFERTA $8.999,00 Precio Regular: $11.299,00 Precio sin impuestos nacionales: $7.437,19 Agregar Ver planes de cuotas",,3450.00,,,,unknown,
Bebidas,"Bebidas Bebidas Sin Alcohol Gaseosas Descripción del producto ---- Características MARCA : PASO DE LOS TOROS SABOR : POMELO BOTELLA RETORNABLE : NO ENVASE : BOTELLA CONTENIDO : 2.25 L Últimos consultados LLEVANDO 2 2X1 Gaseosa Cola Pepsi 2l PRECIO CON 2X1 $1.750,00 Precio Regular: $3.500,00 Precio sin impuestos nacionales: $2.892,56 Agregar Ver planes de cuotas NO ACUMULABLE CON OTRAS PROMOS Gaseosa Coca-Cola Sabor Original 2,25 Lt PRECIO CON 50% 2DA $3.450,00 Precio Regular: $4.600,00 Precio sin impuestos nacionales: $3.801,65 Agregar Ver planes de cuotas NO ACUMULABLE CON OTRAS PROMOS Queso Danbo Las Tres Niñas X 1kg OFERTA $10.799,00 Precio Regular: $13.599,00 Precio sin impuestos nacionales: $8.924,79 Agregar Ver planes de cuotas Queso Mozzarella Feteado Doña Aurora X 170g $4.435,00 Precio regular: $4.435,00 Precio sin impuestos nacionales: $3.665,29 Agregar Ver planes de cuotas Queso Cremoso PUNTA DEL AGUA X Kg $12.299,00 Precio regular: $12.299,00 Precio sin impuestos nacionales: $10.164,46 Agregar Ver planes de cuotas",,1750.00,,,,unknown,
Bebidas,"Bebidas Bebidas Sin Alcohol Gaseosas Descripción del producto Gaseosa Cola Cunnington 1500cmq Características MARCA : CUNNINGTON SIN TACC : SI Últimos consultados 25%DTO Gaseosa PASO DE LOS TOROS Botella 2.25 L PRECIO CON 25%DTO $3.225,00 Precio Regular: $4.300,00 Precio sin impuestos nacionales: $3.553,72 Agregar Ver planes de cuotas LLEVANDO 2 2X1 Gaseosa Cola Pepsi 2l PRECIO CON 2X1 $1.750,00 Precio Regular: $3.500,00 Precio sin impuestos nacionales: $2.892,56 Agregar Ver planes de cuotas NO ACUMULABLE CON OTRAS PROMOS Gaseosa Coca-Cola Sabor Original 2,25 Lt PRECIO CON 50% 2DA $3.450,00 Precio Regular: $4.600,00 Precio sin impuestos nacionales: $3.801,65 Agregar Ver planes de cuotas NO ACUMULABLE CON OTRAS PROMOS Queso Danbo Las Tres Niñas X 1kg OFERTA $10.799,00 Precio Regular: $13.599,00 Precio sin impuestos nacionales: $8.924,79 Agregar Ver planes de cuotas Queso Mozzarella Feteado Doña Aurora X 170g $4.435,00 Precio regular: $4.435,00 Precio sin impuestos nacionales: $3.665,29 Agregar Ver planes de cuotas",,3225.00,,,,unknown,
Bebidas,"Bebidas Bebidas Sin Alcohol Gaseosas Descripción del producto ---- Características MARCA : PRITTY SABOR : LIMÓN BOTELLA RETORNABLE : NO ENVASE : BOTELLA CONTENIDO : 2.25 L Últimos consultados 20%DTO Gaseosa Cola Cunnington 1500cmq PRECIO CON 20%DTO $1.265,60 Precio Regular: $1.582,00 Precio sin impuestos nacionales: $1.307,44 Agregar Ver planes de cuotas 25%DTO Gaseosa PASO DE LOS TOROS Botella 2.25 L PRECIO CON 25%DTO $3.225,00 Precio Regular: $4.300,00 Precio sin impuestos nacionales: $3.553,72 Agregar Ver planes de cuotas LLEVANDO 2 2X1 Gaseosa Cola Pepsi 2l PRECIO CON 2X1 $1.750,00 Precio Regular: $3.500,00 Precio sin impuestos nacionales: $2.892,56 Agregar Ver planes de cuotas NO ACUMULABLE CON OTRAS PROMOS Gaseosa Coca-Cola Sabor Original 2,25 Lt PRECIO CON 50% 2DA $3.450,00 Precio Regular: $4.600,00 Precio sin impuestos nacionales: $3.801,65 Agregar Ver planes de cuotas NO ACUMULABLE CON OTRAS PROMOS Queso Danbo Las Tres Niñas X 1kg OFERTA $10.799,00 Precio Regular: $13.599,00 Precio sin impuestos nacionales: $8.924,79 Agregar Ver planes de cuotas",,1265.60,,,,unknown,
Frescos,"Frescos Frutas Y Verduras Verduras Hortalizas Papa Descripción del producto Papa Negra Selección X Kg Características Últimos consultados Gaseosa PRITTY Limón Botella 2.25 L $2.300,00 Precio regular: $2.300,00 Precio sin impuestos nacionales: $1.900,83 Agregar Ver planes de cuotas 20%DTO Gaseosa Cola Cunnington 1500cmq PRECIO CON 20%DTO $1.265,60 Precio Regular: $1.582,00 Precio sin impuestos nacionales: $1.307,44 Agregar Ver planes de cuotas 25%DTO Gaseosa PASO DE LOS TOROS Botella 2.25 L PRECIO CON 25%DTO $3.225,00 Precio Regular: $4.300,00 Precio sin impuestos nacionales: $3.553,72 Agregar Ver planes de cuotas LLEVANDO 2 2X1 Gaseosa Cola Pepsi 2l PRECIO CON 2X1 $1.750,00 Precio Regular: $3.500,00 Precio sin impuestos nacionales: $2.892,56 Agregar Ver planes de cuotas NO ACUMULABLE CON OTRAS PROMOS Gaseosa Coca-Cola Sabor Original 2,25 Lt PRECIO CON 50% 2DA $3.450,00 Precio Regular: $4.600,00 Precio sin impuestos nacionales: $3.801,65 Agregar Ver planes de cuotas",,2300.00,,,,unknown,
Frescos,"Frescos Frutas Y Verduras Verduras Verdura Empacada Descripción del producto Papa Natural Cortada Precocida Santa Maria 500g Características MARCA : SANTA MARIA Últimos consultados NO ACUMULABLE CON OTRAS PROMOS Papa Negra Selección X Kg OFERTA $599,00 Precio Regular: $899,00 Precio sin impuestos nacionales: $542,08 Agregar Ver planes de cuotas Gaseosa PRITTY Limón Botella 2.25 L $2.300,00 Precio regular: $2.300,00 Precio sin impuestos nacionales: $1.900,83 Agregar Ver planes de cuotas 20%DTO Gaseosa Cola Cunnington 1500cmq PRECIO CON 20%DTO $1.265,60 Precio Regular: $1.582,00 Precio sin impuestos nacionales: $1.307,44 Agregar Ver planes de cuotas 25%DTO Gaseosa PASO DE LOS TOROS Botella 2.25 L PRECIO CON 25%DTO $3.225,00 Precio Regular: $4.300,00 Precio sin impuestos nacionales: $3.553,72 Agregar Ver planes de cuotas LLEVANDO 2 2X1 Gaseosa Cola Pepsi 2l PRECIO CON 2X1 $1.750,00 Precio Regular: $3.500,00 Precio sin impuestos nacionales: $2.892,56 Agregar Ver planes de cuotas",,599.00,,,,unknown,
¡Nueva tarjeta de crédito HEB Afirme!,"¡Nueva tarjeta de crédito HEB Afirme! Consigue la tuya aquí Elige método de entrega Buscar productos Mis listas Mis pedidos Iniciar sesión $0 Pasillos Promociones exclusivas con Nuevos Productos Vive Saludable Mascotas Exclusivos en línea Live Promociones Pan Empacado Pan Blanco HEB Sabor Tradicional Pan de Barra Blanco 680 g HEB Sabor Tradicional Pan de Barra Blanco 680 g ☆ ☆ ☆ ☆ ☆ (0) Por favor, inicia sesión para escribir un comentario. HEB ST Referencia : 786069 $35.00 $43.90 . ＋ － Agregar Beneficio PRIME: -5% de descuento Este descuento especial está disponible solo para miembros PRIME. Promociones bancarias Obtén un 5% de cashback en todas tus compras en heb.com.mx y nuestra app con la tarjeta de crédito HEB Afirme . Solicítala aquí Métodos de entrega Pick&Go Delivery Compartir Descripción Características Reseñas Tipo de producto Pan de barra Marca HEB Sabor Tradicional Denominación/Variedad Blanco Contenido neto 680 g Presentación Bolsa País de origen México Advertencias de almacenamiento Mantener en lugar fresco y seco Ingredientes Harina de trigo (Gluten), agua, azúcares añadidos (Azúcar refinada de caña y azúcar invertido), aceite vegetal, hidrolizado de levadura, leche descremada en polvo, sal yodada, gluten de trigo, propionato de calcio, enzimas, ésteres de ácido diacetil tartárico, carbonato de calcio, goma guar, saborizantes artificiales, fosfato disódico Alérgenos declarados Trigo, Gluten, Avena, Leche Exceso en Exceso sodio Libre de gluten No Energía por 100 g 267.2 kcal Proteínas totales por 100 g 6.9 g Grasas totales por 100 g 3.6 g Carbohidratos totales por 100 g 51.8 g Azúcares totales por 100 g Azúcares: 6.1 g. Azúcares añadidos: 5.5 g Suscríbete a nuestro Newsletter y entérate de las ofertas y lanzamientos. Suscríbete a nuestro Newsletter y entérate de las ofertas y lanzamientos. Suscríbete Aviso de Privacidad | Términos y Condiciones | Politica de Devoluciones | Términos y Condiciones: Cupones y Promociones | Promociones Bancarias © 2024 H-E-",,0,,,,unknown,
Frescos,"Frescos Frutas Y Verduras Verduras Hortalizas Papa Descripción del producto Papas Andinas SUEÑO VERDE X 600 Gr Características MARCA : SUEÑO VERDE Últimos consultados NO ACUMULABLE CON OTRAS PROMOS Papa Natural Cortada Precocida Santa Maria 500g OFERTA $3.049,00 Precio sin impuestos nacionales: $2.759,28 Agregar Ver planes de cuotas NO ACUMULABLE CON OTRAS PROMOS Papa Negra Selección X Kg OFERTA $599,00 Precio Regular: $899,00 Precio sin impuestos nacionales: $542,08 Agregar Ver planes de cuotas Gaseosa PRITTY Limón Botella 2.25 L $2.300,00 Precio regular: $2.300,00 Precio sin impuestos nacionales: $1.900,83 Agregar Ver planes de cuotas 20%DTO Gaseosa Cola Cunnington 1500cmq PRECIO CON 20%DTO $1.265,60 Precio Regular: $1.582,00 Precio sin impuestos nacionales: $1.307,44 Agregar Ver planes de cuotas 25%DTO Gaseosa PASO DE LOS TOROS Botella 2.25 L PRECIO CON 25%DTO $3.225,00 Precio Regular: $4.300,00 Precio sin impuestos nacionales: $3.553,72 Agregar Ver planes de cuotas",,3049.00,,,,unknown,
Frescos,"Frescos Frutas Y Verduras Verduras Hortalizas Tomates Descripción del producto ---- Características Últimos consultados NO ACUMULABLE CON OTRAS PROMOS Papas Andinas SUEÑO VERDE X 600 Gr OFERTA $7.999,00 Precio sin impuestos nacionales: $7.238,91 Agregar Ver planes de cuotas NO ACUMULABLE CON OTRAS PROMOS Papa Natural Cortada Precocida Santa Maria 500g OFERTA $3.049,00 Precio sin impuestos nacionales: $2.759,28 Agregar Ver planes de cuotas NO ACUMULABLE CON OTRAS PROMOS Papa Negra Selección X Kg OFERTA $599,00 Precio Regular: $899,00 Precio sin impuestos nacionales: $542,08 Agregar Ver planes de cuotas Gaseosa PRITTY Limón Botella 2.25 L $2.300,00 Precio regular: $2.300,00 Precio sin impuestos nacionales: $1.900,83 Agregar Ver planes de cuotas 20%DTO Gaseosa Cola Cunnington 1500cmq PRECIO CON 20%DTO $1.265,60 Precio Regular: $1.582,00 Precio sin impuestos nacionales: $1.307,44 Agregar Ver planes de cuotas",,7999.00,,,,unknown,
Frescos,"Frescos Frutas Y Verduras Verduras Hortalizas Tomates Descripción del producto ---- Características Últimos consultados NO ACUMULABLE CON OTRAS PROMOS Tomate Red X Kg OFERTA $2.799,00 Precio Regular: $5.299,00 Precio sin impuestos nacionales: $2.533,03 Agregar Ver planes de cuotas NO ACUMULABLE CON OTRAS PROMOS Papas Andinas SUEÑO VERDE X 600 Gr OFERTA $7.999,00 Precio sin impuestos nacionales: $7.238,91 Agregar Ver planes de cuotas NO ACUMULABLE CON OTRAS PROMOS Papa Natural Cortada Precocida Santa Maria 500g OFERTA $3.049,00 Precio sin impuestos nacionales: $2.759,28 Agregar Ver planes de cuotas NO ACUMULABLE CON OTRAS PROMOS Papa Negra Selección X Kg OFERTA $599,00 Precio Regular: $899,00 Precio sin impuestos nacionales: $542,08 Agregar Ver planes de cuotas Gaseosa PRITTY Limón Botella 2.25 L $2.300,00 Precio regular: $2.300,00 Precio sin impuestos nacionales: $1.900,83 Agregar Ver planes de cuotas",,2799.00,,,,unknown,
Frescos,"Frescos Frutas Y Verduras Verduras Hortalizas Tomates Descripción del producto Tomate Cherry ROCKY X 300 Gr Características MARCA : ROCKY Últimos consultados NO ACUMULABLE CON OTRAS PROMOS Tomate Red Especial X Kg Xkg OFERTA $2.999,00 Precio Regular: $5.999,00 Precio sin impuestos nacionales: $2.714,03 Agregar Ver planes de cuotas NO ACUMULABLE CON OTRAS PROMOS Tomate Red X Kg OFERTA $2.799,00 Precio Regular: $5.299,00 Precio sin impuestos nacionales: $2.533,03 Agregar Ver planes de cuotas NO ACUMULABLE CON OTRAS PROMOS Papas Andinas SUEÑO VERDE X 600 Gr OFERTA $7.999,00 Precio sin impuestos nacionales: $7.238,91 Agregar Ver planes de cuotas NO ACUMULABLE CON OTRAS PROMOS Papa Natural Cortada Precocida Santa Maria 500g OFERTA $3.049,00 Precio sin impuestos nacionales: $2.759,28 Agregar Ver planes de cuotas NO ACUMULABLE CON OTRAS PROMOS Papa Negra Selección X Kg OFERTA $599,00 Precio Regular: $899,00 Precio sin impuestos nacionales: $542,08 Agregar Ver planes de cuotas",,2999.00,,,,unknown,
¡Atención!,"¡Atención! Se eliminarán todos los productos del carrito Vaciar carrito Cancelar Categorías Buscar producto, marca o categoría Ingresar Elegí tu envío Hola, Limpía tú cache ¡Atención! Llegaste al límite de unidades para Envío Express (15 unid.). Si querés agregar más productos, podés cambiar tu entrega a Programada o Finalizar tu pedido ahora. ¿Qué deseás hacer? IR AL PAGO CAMBIAR LA ENTREGA A PROGRAMADA ¿Donde está el usuario actual? /leche-multidefensa-3--la-serenisima-1-lt-274565/p Escoja una opción para entrar Recibir código de acceso por e-mail Entrar con e-mail y contraseña Entrar con Mi Cuenta o Registrarme A un clic de llevarte el producto ¿Quéres finalizar tu compra? Seguir viendo Finalizar compra Frescos Leches Leches enteras Leche Multidefensa 3% La Serenisima 1 Lt. LA SERENISIMA Referencia : 7790742348302 Leche Multidefensa 3% La Serenisima 1 Lt. $ 1.380 $ 1.740 21% Precio por 1 LT $ 1.740 Precio sin Impuestos Nacionales: $ 1.438,02 Agregar Busca tu tienda más cercana Promociones Bancarias Descripción Leche ultrapasteurizada homogeneizada, fortificada con vitaminas A y D. Libre de gluten. Fuente de vitaminas C y E. Ver más Términos más buscados 1. leche 2. cerveza 3. flamin 4. galletitas 5. cafe",,1380,,,,unknown,
¡Atención!,"¡Atención! Se eliminarán todos los productos del carrito Vaciar carrito Cancelar Categorías Buscar producto, marca o categoría Ingresar Elegí tu envío Hola, Limpía tú cache ¡Atención! Llegaste al límite de unidades para Envío Express (15 unid.). Si querés agregar más productos, podés cambiar tu entrega a Programada o Finalizar tu pedido ahora. ¿Qué deseás hacer? IR AL PAGO CAMBIAR LA ENTREGA A PROGRAMADA ¿Donde está el usuario actual? /leche-entera-larga-vida-lechelita-1-lt-300130/p Escoja una opción para entrar Recibir código de acceso por e-mail Entrar con e-mail y contraseña Entrar con Mi Cuenta o Registrarme A un clic de llevarte el producto ¿Quéres finalizar tu compra? Seguir viendo Finalizar compra Lo sentimos, no encontramos lo que buscas Podés intentar con otra palabra en nuestro buscador o explorar nuestras categorías 👇 Categorias destacadas Almacén Bebidas Frescos Desayuno Términos más buscados 1. leche 2. cerveza 3. flamin 4. galletitas 5. cafe",,,,,,unknown,
¡Atención!,"¡Atención! Se eliminarán todos los productos del carrito Vaciar carrito Cancelar Buscar producto, marca o categoría Ingresar Hola, Limpía tú cache ¡Atención! Llegaste al límite de unidades para Envío Express (15 unid.). Si querés agregar más productos, podés cambiar tu entrega a Programada o Finalizar tu pedido ahora. ¿Qué deseás hacer? IR AL PAGO CAMBIAR LA ENTREGA A PROGRAMADA ¿Donde está el usuario actual? /leche-entera-dia-larga-vida-1-lt-608/p Escoja una opción para entrar Recibir código de acceso por e-mail Entrar con e-mail y contraseña Entrar con Mi Cuenta o Registrarme A un clic de llevarte el producto ¿Quéres finalizar tu compra? Seguir viendo Finalizar compra Frescos Leches Leches enteras Leche Entera DIA Larga Vida 1 Lt. DIA Referencia : 8480017006080 Leche Entera DIA Larga Vida 1 Lt. Sin Tacc $ 1.590 Llevando 3 x $1190 Precio por 1 LT $ 1.590 Precio sin Impuestos Nacionales: $ 1.314,05 Agregar Busca tu tienda más cercana Promociones Bancarias Términos más buscados 1. leche 2. cerveza 3. flamin 4. galletitas 5. cafe",,1590,,,,unknown,
¡Atención!,"¡Atención! Se eliminarán todos los productos del carrito Vaciar carrito Cancelar Buscar producto, marca o categoría Ingresar Hola, Limpía tú cache ¡Atención! Llegaste al límite de unidades para Envío Express (15 unid.). Si querés agregar más productos, podés cambiar tu entrega a Programada o Finalizar tu pedido ahora. ¿Qué deseás hacer? IR AL PAGO CAMBIAR LA ENTREGA A PROGRAMADA ¿Donde está el usuario actual? /leche-fresca-entera-3--fortificada-casanto-sachet-1-lt-288868/p A un clic de llevarte el producto ¿Quéres finalizar tu compra? Seguir viendo Finalizar compra Frescos Leches Leches enteras Leche Fresca Entera 3% Fortificada Casanto Sachet 1 Lt. CASANTO Referencia : 7790742192301 Leche Fresca Entera 3% Fortificada Casanto Sachet 1 Lt. $ 1.200 $ 1.485 19% Precio por 1 LT $ 1.485 Precio sin Impuestos Nacionales: $ 1.227,27 Agregar Busca tu tienda más cercana Promociones Bancarias",,1200,,,,unknown,
¡Atención!,"¡Atención! Se eliminarán todos los productos del carrito Vaciar carrito Cancelar Categorías Buscar producto, marca o categoría Ingresar Elegí tu envío Hola, Limpía tú cache ¡Atención! Llegaste al límite de unidades para Envío Express (15 unid.). Si querés agregar más productos, podés cambiar tu entrega a Programada o Finalizar tu pedido ahora. ¿Qué deseás hacer? IR AL PAGO CAMBIAR LA ENTREGA A PROGRAMADA ¿Donde está el usuario actual? /leche-entera-las-3-ninas-larga-vida-1-lt-58463/p Escoja una opción para entrar Recibir código de acceso por e-mail Entrar con e-mail y contraseña Entrar con Mi Cuenta o Registrarme A un clic de llevarte el producto ¿Quéres finalizar tu compra? Seguir viendo Finalizar compra Frescos Leches Leches enteras Leche Entera Las 3 Niñas Larga Vida 1 Lt. LAS TRES NIÑAS Referencia : 7798338290028 Leche Entera Las 3 Niñas Larga Vida 1 Lt. $ 2.180 Precio por 1 LT $ 2.180 Precio sin Impuestos Nacionales: $ 1.801,65 Agregar Busca tu tienda más cercana Promociones Bancarias Términos más buscados 1. leche 2. cerveza 3. flamin 4. galletitas 5. cafe",,2180,,,,unknown,
¡Atención!,"¡Atención! Se eliminarán todos los productos del carrito Vaciar carrito Cancelar Categorías Buscar producto, marca o categoría Ingresar Elegí tu envío Hola, Limpía tú cache ¡Atención! Llegaste al límite de unidades para Envío Express (15 unid.). Si querés agregar más productos, podés cambiar tu entrega a Programada o Finalizar tu pedido ahora. ¿Qué deseás hacer? IR AL PAGO CAMBIAR LA ENTREGA A PROGRAMADA ¿Donde está el usuario actual? /pan-integral-fargo-400-gr-263877/p Escoja una opción para entrar Recibir código de acceso por e-mail Entrar con e-mail y contraseña Entrar con Mi Cuenta o Registrarme A un clic de llevarte el producto ¿Quéres finalizar tu compra? Seguir viendo Finalizar compra Almacén Panadería Pan de molde Pan Integral Fargo 400 Gr. FARGO Referencia : 7793890261486 Pan Integral Fargo 400 Gr. $ 4.805 Precio por 1 Kg $ 12.012,50 Precio sin Impuestos Nacionales: $ 3.971,07 Agregar Busca tu tienda más cercana Promociones Bancarias Descripción El pan Frago es el pan que combina recetas tradicionales mejoradas en el tiempo, con ingredientes nobles, frescura y rico sabor. Con más de 50 años de trayectoria, contamos con un portfolio variado con distintos formatos para compartir en casa. Pan integral, fresco y con rico sabor Harina integral, harina de trigo 000*, agua, levadura, gluten de trigo, azúcar, salvado de trigo, aceite vegetal, germen de trigo, sal, cloruro de potasio, suero de leche en polvo, aromatizantes naturales, conservadores: INS 282, INS 200, regulador de acidez: INS 270, mejorador de la harina: INS 300. CONTIENE DERIVADOS DE TRIGO Y DE LECHE. PUEDE CONTENER AVENA, SOJA, DERIVADOS DE CEBADA Y DE CENTENO. (*) Harina de trigo enriquecida según Ley N° 25.630 con: hierro (30 mg/kg); ácido fólico (2,2 mg/kg); tiamina B1 (6,3 mg/kg); riboflavina B2 (1,3 mg/kg); niacina (13 mg/kg). Ver más Términos más buscados 1. leche 2. cerveza 3. flamin 4. galletitas 5. cafe",,4805,,,,unknown,
¡Nueva tarjeta de crédito HEB Afirme!,"¡Nueva tarjeta de crédito HEB Afirme! Consigue la tuya aquí Elige método de entrega Buscar productos Mis listas Mis pedidos Iniciar sesión $0 Pasillos Promociones exclusivas con Nuevos Productos Vive Saludable Mascotas Exclusivos en línea Live Promociones Pan Empacado Pan Light Pan de Barra 45 Calorias Delightful 425 g Pan de Barra 45 Calorias Delightful 425 g ☆ ☆ ☆ ☆ ☆ (0) Por favor, inicia sesión para escribir un comentario. SARA LEE Referencia : 834981 $65.00 . ＋ － Agregar Promociones bancarias Obtén un 5% de cashback en todas tus compras en heb.com.mx y nuestra app con la tarjeta de crédito HEB Afirme . Solicítala aquí Métodos de entrega Pick&Go Delivery Compartir Descripción Reseñas Tipo de producto Pan de barra Marca Sara Lee Denominación/Variedad Integral Contenido neto 425 g Presentación Bolsa País de origen Estados Unidos Advertencias de almacenamiento Consérvese en un lugar seco y fresco Ingredientes Harina de trigo integral, agua, harina de trigo enriquecida [harina, harina de cebada malteada, hierro reducido, niacina, mononitrato de tiamina (Vitamina B1), riboflavina (Vitamina B2), ácido fólico], gluten de trigo, almidón de trigo modificado, azúcar, levadura, celulosa fibra, inulina (Fibra de raíz de chickory), sal, conservantes (Propionato de calcio, ácido sórbico), aceite vegetal (soja), monoglicéridos, datem, lecitina de soja, sabores naturales, goma de celulosa, fosfato monocálcico, ácido cítrico, reb a (hoja de stevia edulcorante), vinagre de grano. contiene trigo, soja. Contiene: Trigo, soya. Puede contener: Leche, nueces de árbol Alérgenos declarados Trigo, soya, Leche, Nueces de árbol Denominación dietética Sin jarabe de maíz alto en fructosa. Sin colorantes o sabores artificiales Libre de gluten No Porción sugerida 43 g Porción referencial 2 rebanadas Porciones por envase 10 Energía por porción 90 Cal Proteínas totales por porción 5 g Grasas totales por porción 1 g Carbohidratos totales por porción 18 g Azúcares totales por porción 2 g Sodio por",,0,,,,unknown,
¡Atención!,"¡Atención! Se eliminarán todos los productos del carrito Vaciar carrito Cancelar Categorías Buscar producto, marca o categoría Ingresar Elegí tu envío Hola, Limpía tú cache ¡Atención! Llegaste al límite de unidades para Envío Express (15 unid.). Si querés agregar más productos, podés cambiar tu entrega a Programada o Finalizar tu pedido ahora. ¿Qué deseás hacer? IR AL PAGO CAMBIAR LA ENTREGA A PROGRAMADA ¿Donde está el usuario actual? /pan-blanco-bimbo-610-gr-263871/p Escoja una opción para entrar Recibir código de acceso por e-mail Entrar con e-mail y contraseña Entrar con Mi Cuenta o Registrarme A un clic de llevarte el producto ¿Quéres finalizar tu compra? Seguir viendo Finalizar compra Almacén Panadería Pan de molde Pan Blanco Bimbo 610 Gr. BIMBO Referencia : 7793890261189 Pan Blanco Bimbo 610 Gr. $ 6.430 Precio por 1 Kg $ 10.540,98 Precio sin Impuestos Nacionales: $ 5.314,05 Agregar Busca tu tienda más cercana Promociones Bancarias Descripción El pan Blanco Bimbo ahora con rebanada más grande, suave y esponjoso. Nuestra receta está elaborada con la bondad del trigo y con FERMENTACIÓN NATURAL, para que tengas siempre en tu mesa un pan suave, esponjoso y con un gran sabor. Pan con suavidad y textura única. Reabanada más grande. Harina de trigo 000*, agua, levadura, azúcar, gluten de trigo, aceite vegetal, leche en polvo descremada, sal, cloruro de potasio, vitamina D, suero de leche en polvo, conservadores: INS 282, INS 200, regulador de acidez: INS 270, mejorador de la harina: INS 300, aromatizante natural. CONTIENE LECHE Y DERIVADOS DE TRIGO. PUEDE CONTENER SOJA, AVENA, DERIVADOS DE CENTENO Y DE CEBADA. (*) Harina de trigo enriquecida según Ley N° 25.630 con: hierro (30 mg/kg); ácido fólico (2,2 mg/kg); tiamina B1 (6,3 mg/kg); riboflavina B2 (1,3 mg/kg); niacina (13 mg/kg). Ver más Términos más buscados 1. leche 2. cerveza 3. flamin 4. galletitas 5. cafe",,6430,,,,unknown,
¡Atención!,"¡Atención! Se eliminarán todos los productos del carrito Vaciar carrito Cancelar Categorías Buscar producto, marca o categoría Ingresar Elegí tu envío Hola, Limpía tú cache ¡Atención! Llegaste al límite de unidades para Envío Express (15 unid.). Si querés agregar más productos, podés cambiar tu entrega a Programada o Finalizar tu pedido ahora. ¿Qué deseás hacer? IR AL PAGO CAMBIAR LA ENTREGA A PROGRAMADA ¿Donde está el usuario actual? /pan-lacteado-noly-grande-600-gr-138110/p Escoja una opción para entrar Recibir código de acceso por e-mail Entrar con e-mail y contraseña Entrar con Mi Cuenta o Registrarme A un clic de llevarte el producto ¿Quéres finalizar tu compra? Seguir viendo Finalizar compra Almacén Panadería Pan de molde Pan Lacteado Noly Grande 600 Gr. NOLY Referencia : 7790606000391 Pan Lacteado Noly Grande 600 Gr. $ 3.490 $ 4.130 15% Precio por 1 Kg $ 5.816,67 Precio sin Impuestos Nacionales: $ 3.413,22 Agregar Busca tu tienda más cercana Promociones Bancarias Términos más buscados 1. leche 2. cerveza 3. flamin 4. galletitas 5. cafe",,3490,,,,unknown,
"Hola, Limpía tú cache","Hola, Limpía tú cache ¿Donde está el usuario actual? A un clic de llevarte el producto ¿Quéres finalizar tu compra? Seguir viendo Finalizar compra Almacén Panadería Pan de molde Pan Salvado Lactal 560 Gr. LACTAL Referencia : 7793890258783 Pan Salvado Lactal 560 Gr. $ 5.015 Descripción El pan Lactal es nuestro pan clásico que acompaña tu mesa desde hace mas de 100 años. Pan con salvado familiar. Harina de trigo 000*, agua, salvado de trigo, levadura, azúcar, aceite vegetal, gluten de trigo, sal, cloruro de potasio, suero de leche en polvo, conservadores: INS 282, INS 200, regulador de acidez: INS 270, mejorador de la harina: INS 300, aromatizantes naturales. CONTIENE DERIVADOS DE TRIGO Y DE LECHE. PUEDE CONTENER SOJA, AVENA, DERIVADOS DE CEBADA Y DE CENTENO. (*) Harina de trigo enriquecida según Ley N° 25.630 con: hierro (30 mg/kg); ácido fólico (2,2 mg/kg); tiamina B1 (6,3 mg/kg); riboflavina B2 (1,3 mg/kg); niacina (13 mg/kg). Ver más",,5015,,,,unknown,
¡Atención!,"¡Atención! Se eliminarán todos los productos del carrito Vaciar carrito Cancelar Categorías Buscar producto, marca o categoría Ingresar Elegí tu envío Hola, Limpía tú cache ¡Atención! Llegaste al límite de unidades para Envío Express (15 unid.). Si querés agregar más productos, podés cambiar tu entrega a Programada o Finalizar tu pedido ahora. ¿Qué deseás hacer? IR AL PAGO CAMBIAR LA ENTREGA A PROGRAMADA ¿Donde está el usuario actual? /pan-blanco-grande-dia-460-gr-295395/p Escoja una opción para entrar Recibir código de acceso por e-mail Entrar con e-mail y contraseña Entrar con Mi Cuenta o Registrarme A un clic de llevarte el producto ¿Quéres finalizar tu compra? Seguir viendo Finalizar compra Lo sentimos, no encontramos lo que buscas Podés intentar con otra palabra en nuestro buscador o explorar nuestras categorías 👇 Categorias destacadas Almacén Bebidas Frescos Desayuno Términos más buscados 1. leche 2. cerveza 3. flamin 4. galletitas 5. cafe",,,,,,unknown,
"Hola, Limpía tú cache","Hola, Limpía tú cache ¿Donde está el usuario actual? A un clic de llevarte el producto ¿Quéres finalizar tu compra? Seguir viendo Finalizar compra Desayuno Infusiones y Endulzantes Azúcar AzÃºcar Ledesma Refinado Superior 1 Kg. LEDESMA Referencia : 7792540250450 AzÃºcar Ledesma Refinado Superior 1 Kg. $ 1.300",,1300,,,,unknown,
¡Atención!,"¡Atención! Se eliminarán todos los productos del carrito Vaciar carrito Cancelar Categorías Buscar producto, marca o categoría Ingresar Elegí tu envío Hola, Limpía tú cache ¡Atención! Llegaste al límite de unidades para Envío Express (15 unid.). Si querés agregar más productos, podés cambiar tu entrega a Programada o Finalizar tu pedido ahora. ¿Qué deseás hacer? IR AL PAGO CAMBIAR LA ENTREGA A PROGRAMADA ¿Donde está el usuario actual? /azucar-plus-dia-comun-tipo-a-1-kg-130321/p Escoja una opción para entrar Recibir código de acceso por e-mail Entrar con e-mail y contraseña Entrar con Mi Cuenta o Registrarme A un clic de llevarte el producto ¿Quéres finalizar tu compra? Seguir viendo Finalizar compra Desayuno Infusiones y Endulzantes Azúcar Azúcar Plus DIA Común tipo A 1 Kg. DIA Referencia : 8480017298515 Azúcar Plus DIA Común tipo A 1 Kg. $ 990 Precio por 1 Kg $ 990 Precio sin Impuestos Nacionales: $ 818,18 Agregar Busca tu tienda más cercana Promociones Bancarias Descripción El Azúcar Plus DIA Común tipo A 1 Kg . Es un producto de alta calidad. Ideal para endulzar tus bebidas favoritas y preparar tus postres caseros. Su formato de 1 Kg. te asegura tener suficiente azúcar para todas tus recetas. Disfrutá del dulce sabor que este azúcar aporta a tus creaciones culinarias. ¡No puede faltar en tu despensa! Ver más Términos más buscados 1. leche 2. cerveza 3. flamin 4. galletitas 5. cafe",,990,,,,unknown,
¡Atención!,"¡Atención! Se eliminarán todos los productos del carrito Vaciar carrito Cancelar Categorías Buscar producto, marca o categoría Ingresar Elegí tu envío Hola, Limpía tú cache ¡Atención! Llegaste al límite de unidades para Envío Express (15 unid.). Si querés agregar más productos, podés cambiar tu entrega a Programada o Finalizar tu pedido ahora. ¿Qué deseás hacer? IR AL PAGO CAMBIAR LA ENTREGA A PROGRAMADA ¿Donde está el usuario actual? /azucar-la-providencia-1-kg-294967/p Escoja una opción para entrar Recibir código de acceso por e-mail Entrar con e-mail y contraseña Entrar con Mi Cuenta o Registrarme A un clic de llevarte el producto ¿Quéres finalizar tu compra? Seguir viendo Finalizar compra Lo sentimos, no encontramos lo que buscas Podés intentar con otra palabra en nuestro buscador o explorar nuestras categorías 👇 Categorias destacadas Almacén Bebidas Frescos Desayuno Términos más buscados 1. leche 2. cerveza 3. flamin 4. galletitas 5. cafe",,,,,,unknown,
¡Atención!,"¡Atención! Se eliminarán todos los productos del carrito Vaciar carrito Cancelar Categorías Buscar producto, marca o categoría Ingresar Elegí tu envío Hola, Limpía tú cache ¡Atención! Llegaste al límite de unidades para Envío Express (15 unid.). Si querés agregar más productos, podés cambiar tu entrega a Programada o Finalizar tu pedido ahora. ¿Qué deseás hacer? IR AL PAGO CAMBIAR LA ENTREGA A PROGRAMADA ¿Donde está el usuario actual? /azucar-comun-arcor-tipo--a--1-kg-260592/p Escoja una opción para entrar Recibir código de acceso por e-mail Entrar con e-mail y contraseña Entrar con Mi Cuenta o Registrarme A un clic de llevarte el producto ¿Quéres finalizar tu compra? Seguir viendo Finalizar compra Lo sentimos, no encontramos lo que buscas Podés intentar con otra palabra en nuestro buscador o explorar nuestras categorías 👇 Categorias destacadas Almacén Bebidas Frescos Desayuno Términos más buscados 1. leche 2. cerveza 3. flamin 4. galletitas 5. cafe",,,,,,unknown,
¡Atención!,"¡Atención! Se eliminarán todos los productos del carrito Vaciar carrito Cancelar Categorías Buscar producto, marca o categoría Ingresar Elegí tu envío Hola, Limpía tú cache ¡Atención! Llegaste al límite de unidades para Envío Express (15 unid.). Si querés agregar más productos, podés cambiar tu entrega a Programada o Finalizar tu pedido ahora. ¿Qué deseás hacer? IR AL PAGO CAMBIAR LA ENTREGA A PROGRAMADA ¿Donde está el usuario actual? /azucar-azucel-comun-tipo--a--500-gr-266204/p Escoja una opción para entrar Recibir código de acceso por e-mail Entrar con e-mail y contraseña Entrar con Mi Cuenta o Registrarme A un clic de llevarte el producto ¿Quéres finalizar tu compra? Seguir viendo Finalizar compra Desayuno Infusiones y Endulzantes Azúcar Azúcar Azucel Común tipo ""A"" 500 Gr. AZUCEL Referencia : 7798174970269 Azúcar Azucel Común tipo ""A"" 500 Gr. $ 590 $ 710 17% Precio por 1 Kg $ 1.420 Precio sin Impuestos Nacionales: $ 586,78 Agregar Busca tu tienda más cercana Promociones Bancarias Términos más buscados 1. leche 2. cerveza 3. flamin 4. galletitas 5. cafe",,590,,,,unknown,
¡Atención!,"¡Atención! Se eliminarán todos los productos del carrito Vaciar carrito Cancelar Categorías Buscar producto, marca o categoría Ingresar Elegí tu envío Hola, Limpía tú cache ¡Atención! Llegaste al límite de unidades para Envío Express (15 unid.). Si querés agregar más productos, podés cambiar tu entrega a Programada o Finalizar tu pedido ahora. ¿Qué deseás hacer? IR AL PAGO CAMBIAR LA ENTREGA A PROGRAMADA ¿Donde está el usuario actual? /fideos-spaghetti-n7-luchetti-500-gr-40877/p Escoja una opción para entrar Recibir código de acceso por e-mail Entrar con e-mail y contraseña Entrar con Mi Cuenta o Registrarme A un clic de llevarte el producto ¿Quéres finalizar tu compra? Seguir viendo Finalizar compra Almacén Pastas Secas Fideos largos Fideos Spaghetti N7 Luchetti 500 Gr. LUCCHETTI Referencia : 7790070336385 Fideos Spaghetti N7 Luchetti 500 Gr. $ 1.500 Precio por 1 Kg $ 3.000 Precio sin Impuestos Nacionales: $ 1.239,67 Agregar Busca tu tienda más cercana Promociones Bancarias Términos más buscados 1. leche 2. cerveza 3. flamin 4. galletitas 5. cafe",,1500,,,,unknown,
¡Nueva tarjeta de crédito HEB Afirme!,"¡Nueva tarjeta de crédito HEB Afirme! Consigue la tuya aquí Elige método de entrega Buscar productos Mis listas Mis pedidos Iniciar sesión $0 Pasillos Promociones exclusivas con Nuevos Productos Vive Saludable Mascotas Exclusivos en línea Live Promociones Azucar y sustitutos Azúcar HCF Azúcar Estándar 900 g HCF Azúcar Estándar 900 g ☆ ☆ ☆ ☆ ☆ (0) Por favor, inicia sesión para escribir un comentario. HCF Referencia : 790117 $21.00 $25.90 . ＋ － Agregar Beneficio PRIME: -5% de descuento Este descuento especial está disponible solo para miembros PRIME. Promociones bancarias Obtén un 5% de cashback en todas tus compras en heb.com.mx y nuestra app con la tarjeta de crédito HEB Afirme . Solicítala aquí Métodos de entrega Pick&Go Delivery Compartir Descripción Reseñas Descubre la calidad inigualable de los productos de Marca Propia H?E?B, creados con los más altos estándares para ofrecerte lo mejor en frescura, sabor y confianza. Nuestros productos son cuidadosamente probados y aprobados por personas como tú antes de llegar a nuestras tiendas, garantizando la excelencia y satisfacción en cada compra. Además, con las marcas de Marca Propia Hill Country Fare y Hill Country Essentials, puedes disfrutar de grandes ahorros sin sacrificar calidad ni rendimiento. Llena tu despensa con productos frescos y de la mejor calidad para toda la familia. ¡Ahorra y lleva lo mejor a tu hogar, todos los días! Suscríbete a nuestro Newsletter y entérate de las ofertas y lanzamientos. Suscríbete a nuestro Newsletter y entérate de las ofertas y lanzamientos. Suscríbete Aviso de Privacidad | Términos y Condiciones | Politica de Devoluciones | Términos y Condiciones: Cupones y Promociones | Promociones Bancarias © 2024 H-E-B México - TODOS LOS DERECHOS RESERVADOS",,0,,,,unknown,
¡Atención!,"¡Atención! Se eliminarán todos los productos del carrito Vaciar carrito Cancelar Categorías Buscar producto, marca o categoría Ingresar Elegí tu envío Hola, Limpía tú cache ¡Atención! Llegaste al límite de unidades para Envío Express (15 unid.). Si querés agregar más productos, podés cambiar tu entrega a Programada o Finalizar tu pedido ahora. ¿Qué deseás hacer? IR AL PAGO CAMBIAR LA ENTREGA A PROGRAMADA ¿Donde está el usuario actual? /fideos-spaghetti-n3-matarazzo-500-gr-38576/p Escoja una opción para entrar Recibir código de acceso por e-mail Entrar con e-mail y contraseña Entrar con Mi Cuenta o Registrarme A un clic de llevarte el producto ¿Quéres finalizar tu compra? Seguir viendo Finalizar compra Almacén Pastas Secas Fideos largos Fideos Spaghetti N3 Matarazzo 500 Gr. MATARAZZO Referencia : 7790070336309 Fideos Spaghetti N3 Matarazzo 500 Gr. $ 1.750 Precio por 1 Kg $ 3.500 Precio sin Impuestos Nacionales: $ 1.446,28 Agregar Busca tu tienda más cercana Promociones Bancarias Términos más buscados 1. leche 2. cerveza 3. flamin 4. galletitas 5. cafe",,1750,,,,unknown,
¡Atención!,"¡Atención! Se eliminarán todos los productos del carrito Vaciar carrito Cancelar Categorías Buscar producto, marca o categoría Ingresar Elegí tu envío Hola, Limpía tú cache ¡Atención! Llegaste al límite de unidades para Envío Express (15 unid.). Si querés agregar más productos, podés cambiar tu entrega a Programada o Finalizar tu pedido ahora. ¿Qué deseás hacer? IR AL PAGO CAMBIAR LA ENTREGA A PROGRAMADA ¿Donde está el usuario actual? /fideos-spaghetti-dia-500-gr-285831/p Escoja una opción para entrar Recibir código de acceso por e-mail Entrar con e-mail y contraseña Entrar con Mi Cuenta o Registrarme A un clic de llevarte el producto ¿Quéres finalizar tu compra? Seguir viendo Finalizar compra Almacén Pastas Secas Fideos largos Fideos Spaghetti Dia 500 Gr. DIA Referencia : 8480017268693 Fideos Spaghetti Dia 500 Gr. $ 1.180 Precio por 1 Kg $ 2.360 Precio sin Impuestos Nacionales: $ 975,21 Agregar Busca tu tienda más cercana Promociones Bancarias Términos más buscados 1. leche 2. cerveza 3. flamin 4. galletitas 5. cafe",,1180,,,,unknown,
¡Atención!,"¡Atención! Se eliminarán todos los productos del carrito Vaciar carrito Cancelar Categorías Buscar producto, marca o categoría Ingresar Elegí tu envío Hola, Limpía tú cache ¡Atención! Llegaste al límite de unidades para Envío Express (15 unid.). Si querés agregar más productos, podés cambiar tu entrega a Programada o Finalizar tu pedido ahora. ¿Qué deseás hacer? IR AL PAGO CAMBIAR LA ENTREGA A PROGRAMADA ¿Donde está el usuario actual? /fideos-tallarin-don-vicente-500-gr-299848/p Escoja una opción para entrar Recibir código de acceso por e-mail Entrar con e-mail y contraseña Entrar con Mi Cuenta o Registrarme A un clic de llevarte el producto ¿Quéres finalizar tu compra? Seguir viendo Finalizar compra Almacén Pastas Secas Fideos largos Fideos Tallarín Don Vicente 500 Gr. DON VICENTE Referencia : 7790070336576 Fideos Tallarín Don Vicente 500 Gr. $ 3.195 Precio por 1 Kg $ 6.390 Precio sin Impuestos Nacionales: $ 2.640,50 Agregar Busca tu tienda más cercana Promociones Bancarias Términos más buscados 1. leche 2. cerveza 3. flamin 4. galletitas 5. cafe",,3195,,,,unknown,
"Hola, Limpía tú cache","Hola, Limpía tú cache ¿Donde está el usuario actual? A un clic de llevarte el producto ¿Quéres finalizar tu compra? Seguir viendo Finalizar compra Almacén Pastas Secas Fideos largos Fideos Spaghetti Favorita 500 Gr. FAVORITA Referencia : 7790070320285 Fideos Spaghetti Favorita 500 Gr. $ 965",,965,,,,unknown,
¡Atención!,"¡Atención! Se eliminarán todos los productos del carrito Vaciar carrito Cancelar Categorías Buscar producto, marca o categoría Ingresar Elegí tu envío Hola, Limpía tú cache ¡Atención! Llegaste al límite de unidades para Envío Express (15 unid.). Si querés agregar más productos, podés cambiar tu entrega a Programada o Finalizar tu pedido ahora. ¿Qué deseás hacer? IR AL PAGO CAMBIAR LA ENTREGA A PROGRAMADA ¿Donde está el usuario actual? /patamuslo-iqf-granja-3-arroyos-800-gr-298506/p Escoja una opción para entrar Recibir código de acceso por e-mail Entrar con e-mail y contraseña Entrar con Mi Cuenta o Registrarme A un clic de llevarte el producto ¿Quéres finalizar tu compra? Seguir viendo Finalizar compra Frescos Carnicería Pollo Patamuslo IQF Granja 3 Arroyos 800 Gr. GRANJA TRES ARROYOS Referencia : 7798016102216 Patamuslo IQF Granja 3 Arroyos 800 Gr. $ 13.000 Precio por 1 Kg $ 16.250 Precio sin Impuestos Nacionales: $ 13.000 Agregar Busca tu tienda más cercana Promociones Bancarias Términos más buscados 1. leche 2. cerveza 3. flamin 4. galletitas 5. cafe",,13000,,,,unknown,
¡Atención!,"¡Atención! Se eliminarán todos los productos del carrito Vaciar carrito Cancelar Categorías Buscar producto, marca o categoría Ingresar Elegí tu envío Hola, Limpía tú cache ¡Atención! Llegaste al límite de unidades para Envío Express (15 unid.). Si querés agregar más productos, podés cambiar tu entrega a Programada o Finalizar tu pedido ahora. ¿Qué deseás hacer? IR AL PAGO CAMBIAR LA ENTREGA A PROGRAMADA ¿Donde está el usuario actual? /pollo-fresco-x-1-kg-90150/p Escoja una opción para entrar Recibir código de acceso por e-mail Entrar con e-mail y contraseña Entrar con Mi Cuenta o Registrarme A un clic de llevarte el producto ¿Quéres finalizar tu compra? Seguir viendo Finalizar compra Frescos Carnicería Pollo Pollo Fresco x 1 Kg. AVILIGHT Referencia : 2490150000000 Pollo Fresco x 1 Kg. $ 2.790 Precio por 1 Kg $ 2.790 Precio sin Impuestos Nacionales: $ 2.524,89 Agregar Busca tu tienda más cercana Promociones Bancarias Términos más buscados 1. leche 2. cerveza 3. flamin 4. galletitas 5. cafe",,2790,,,,unknown,
¡Atención!,"¡Atención! Se eliminarán todos los productos del carrito Vaciar carrito Cancelar Categorías Buscar producto, marca o categoría Ingresar Elegí tu envío Hola, Limpía tú cache ¡Atención! Llegaste al límite de unidades para Envío Express (15 unid.). Si querés agregar más productos, podés cambiar tu entrega a Programada o Finalizar tu pedido ahora. ¿Qué deseás hacer? IR AL PAGO CAMBIAR LA ENTREGA A PROGRAMADA ¿Donde está el usuario actual? /huevo-blanco-grande-12-ud-48133/p Escoja una opción para entrar Recibir código de acceso por e-mail Entrar con e-mail y contraseña Entrar con Mi Cuenta o Registrarme A un clic de llevarte el producto ¿Quéres finalizar tu compra? Seguir viendo Finalizar compra Frescos Frutas y Verduras Huevos Huevo Blanco Grande 12 Ud. SIN MARCA Referencia : 7798064180143 Huevo Blanco Grande 12 Ud. $ 4.190 Precio por 1 UD $ 349,17 Precio sin Impuestos Nacionales: $ 3.462,81 Agregar Busca tu tienda más cercana Promociones Bancarias Términos más buscados 1. leche 2. cerveza 3. flamin 4. galletitas 5. cafe",,4190,,,,unknown,
Asesoramos tu compra WEB:,"Asesoramos tu compra WEB: 📞(601) 6672004 - Otras Ciudades clic aquí, lun. a sáb. de 7:00 a. m. a 7:00 p. m. dom hasta las 6:00 p. m. ¡Llámanos! Supermercado Lácteos, Huevos Y Refrigerados Queso Queso mozarella Alpina 25 tajadas x400g Características principales Especificaciones técnicas Características Destacadas Tipo de Producto Queso Mozzarella Otras Características Origen Nacional País de Origen Colombia Este producto es vendido, facturado y entregado por Cencosud - Colombia Los precios de los productos pueden cambiar dependiendo de la región. Aplican Términos y Condiciones Desactivado Referencia : 0098841 Queso mozarella Alpina 25 tajadas x400g Cargando comentarios… $ 22.550 Este producto es vendido, facturado y entregado por Cencosud - Colombia Los precios de los productos pueden cambiar dependiendo de la región. Aplican Términos y Condiciones",,22550,,,,unknown,
¡Atención!,"¡Atención! Se eliminarán todos los productos del carrito Vaciar carrito Cancelar Categorías Buscar producto, marca o categoría Ingresar Elegí tu envío Hola, Limpía tú cache ¡Atención! Llegaste al límite de unidades para Envío Express (15 unid.). Si querés agregar más productos, podés cambiar tu entrega a Programada o Finalizar tu pedido ahora. ¿Qué deseás hacer? IR AL PAGO CAMBIAR LA ENTREGA A PROGRAMADA ¿Donde está el usuario actual? /queso-cremoso-la-paulina-x-kg-90181/p Escoja una opción para entrar Recibir código de acceso por e-mail Entrar con e-mail y contraseña Entrar con Mi Cuenta o Registrarme A un clic de llevarte el producto ¿Quéres finalizar tu compra? Seguir viendo Finalizar compra Frescos Fiambrería Quesos blandos Queso Cremoso La Paulina x Kg. SIN MARCA Referencia : 2406887000009 Queso Cremoso La Paulina x Kg. $ 11.900 $ 14.590 18% Precio por 1 Kg $ 14.590 Precio sin Impuestos Nacionales: $ 12.057,85 Agregar Busca tu tienda más cercana Promociones Bancarias Términos más buscados 1. leche 2. cerveza 3. flamin 4. galletitas 5. cafe",,11900,,,,unknown,
¡Atención!,"¡Atención! Se eliminarán todos los productos del carrito Vaciar carrito Cancelar Categorías Buscar producto, marca o categoría Ingresar Elegí tu envío Hola, Limpía tú cache ¡Atención! Llegaste al límite de unidades para Envío Express (15 unid.). Si querés agregar más productos, podés cambiar tu entrega a Programada o Finalizar tu pedido ahora. ¿Qué deseás hacer? IR AL PAGO CAMBIAR LA ENTREGA A PROGRAMADA ¿Donde está el usuario actual? /queso-cremoso-vacalin-400-gr-150653/p Escoja una opción para entrar Recibir código de acceso por e-mail Entrar con e-mail y contraseña Entrar con Mi Cuenta o Registrarme A un clic de llevarte el producto ¿Quéres finalizar tu compra? Seguir viendo Finalizar compra Frescos Fiambrería Quesos blandos Queso Cremoso Vacalin 400 Gr. VACALIN Referencia : 7790616000442 Queso Cremoso Vacalin 400 Gr. $ 5.869 Precio por 1 Kg $ 14.672,50 Precio sin Impuestos Nacionales: $ 4.850,41 Agregar Busca tu tienda más cercana Promociones Bancarias Términos más buscados 1. leche 2. cerveza 3. flamin 4. galletitas 5. cafe",,5869,,,,unknown,
¡Nueva tarjeta de crédito HEB Afirme!,"¡Nueva tarjeta de crédito HEB Afirme! Consigue la tuya aquí Elige método de entrega Buscar productos Mis listas Mis pedidos Iniciar sesión $0 Pasillos Promociones exclusivas con Nuevos Productos Vive Saludable Mascotas Exclusivos en línea Live Promociones Azucar y sustitutos Azúcar Mi Tienda Azúcar Blanca Estándar 750 g Mi Tienda Azúcar Blanca Estándar 750 g ☆ ☆ ☆ ☆ ☆ (0) Por favor, inicia sesión para escribir un comentario. MI TIENDA Referencia : 808169 $20.50 . ＋ － Agregar Beneficio PRIME: -5% de descuento Este descuento especial está disponible solo para miembros PRIME. Promociones bancarias Obtén un 5% de cashback en todas tus compras en heb.com.mx y nuestra app con la tarjeta de crédito HEB Afirme . Solicítala aquí Métodos de entrega Pick&Go Delivery Compartir Descripción Reseñas Tipo de producto Azúcar blanca Marca Mi Tienda Denominación/Variedad Estándar Contenido neto 750 g Presentación Bolsa País de origen México Advertencias de almacenamiento Mantener en lugares frescos y secos Formato Granulado Suscríbete a nuestro Newsletter y entérate de las ofertas y lanzamientos. Suscríbete a nuestro Newsletter y entérate de las ofertas y lanzamientos. Suscríbete Aviso de Privacidad | Términos y Condiciones | Politica de Devoluciones | Términos y Condiciones: Cupones y Promociones | Promociones Bancarias © 2024 H-E-B México - TODOS LOS DERECHOS RESERVADOS",,0,,,,unknown,
"Hola, Limpía tú cache","Hola, Limpía tú cache ¿Donde está el usuario actual? A un clic de llevarte el producto ¿Quéres finalizar tu compra? Seguir viendo Finalizar compra Frescos Fiambrería Quesos blandos Queso Muzzarella Doña Aurora Ahumado 500 Gr. DOÑA AURORA Referencia : 2683614 Queso Muzzarella Doña Aurora Ahumado 500 Gr. $ 6.690",,6690,,,,unknown,
¡Atención!,"¡Atención! Se eliminarán todos los productos del carrito Vaciar carrito Cancelar Categorías Buscar producto, marca o categoría Ingresar Elegí tu envío Hola, Limpía tú cache ¡Atención! Llegaste al límite de unidades para Envío Express (15 unid.). Si querés agregar más productos, podés cambiar tu entrega a Programada o Finalizar tu pedido ahora. ¿Qué deseás hacer? IR AL PAGO CAMBIAR LA ENTREGA A PROGRAMADA ¿Donde está el usuario actual? /queso-muzzarella-dia-250-gr-271414/p Escoja una opción para entrar Recibir código de acceso por e-mail Entrar con e-mail y contraseña Entrar con Mi Cuenta o Registrarme A un clic de llevarte el producto ¿Quéres finalizar tu compra? Seguir viendo Finalizar compra Frescos Fiambrería Quesos en Fetas y cubos Queso Muzzarella Dia 250 Gr. DIA Referencia : 8480017240941 Queso Muzzarella Dia 250 Gr. $ 4.390 $ 4.790 8% Precio por 1 Kg $ 19.160 Precio sin Impuestos Nacionales: $ 3.958,68 Agregar Busca tu tienda más cercana Promociones Bancarias Descripción El queso muzarella DIA de 250 gr es un producto de alta calidad que se destaca por su sabor suave y cremoso. Este queso es muy fácil de cortar y derretir, por lo que es una excelente opción para aquellos que buscan una opción práctica y deliciosa. Además, está elaborado con ingredientes naturales y frescos, por lo que es una alternativa saludable para toda la familia. Ver más Términos más buscados 1. leche 2. cerveza 3. flamin 4. galletitas 5. cafe",,4390,,,,unknown,
¡Atención!,"¡Atención! Se eliminarán todos los productos del carrito Vaciar carrito Cancelar Categorías Buscar producto, marca o categoría Ingresar Elegí tu envío Hola, Limpía tú cache ¡Atención! Llegaste al límite de unidades para Envío Express (15 unid.). Si querés agregar más productos, podés cambiar tu entrega a Programada o Finalizar tu pedido ahora. ¿Qué deseás hacer? IR AL PAGO CAMBIAR LA ENTREGA A PROGRAMADA ¿Donde está el usuario actual? /gaseosa-coca-cola-sabor-original-225-lt-14837/p Escoja una opción para entrar Recibir código de acceso por e-mail Entrar con e-mail y contraseña Entrar con Mi Cuenta o Registrarme A un clic de llevarte el producto ¿Quéres finalizar tu compra? Seguir viendo Finalizar compra Bebidas Gaseosas Cola Gaseosa Coca-Cola Sabor Original 2.25 Lt. COKE/COCACOLA Referencia : 7790895000997 Gaseosa Coca-Cola Sabor Original 2.25 Lt. $ 4.600 2do al 50% Precio por 1 LT $ 2.044,44 Precio sin Impuestos Nacionales: $ 3.497,38 Agregar Busca tu tienda más cercana Promociones Bancarias Términos más buscados 1. leche 2. cerveza 3. flamin 4. galletitas 5. cafe",,4600,,,,unknown,
¡Atención!,"¡Atención! Se eliminarán todos los productos del carrito Vaciar carrito Cancelar Categorías Buscar producto, marca o categoría Ingresar Elegí tu envío Hola, Limpía tú cache ¡Atención! Llegaste al límite de unidades para Envío Express (15 unid.). Si querés agregar más productos, podés cambiar tu entrega a Programada o Finalizar tu pedido ahora. ¿Qué deseás hacer? IR AL PAGO CAMBIAR LA ENTREGA A PROGRAMADA ¿Donde está el usuario actual? /gaseosa-cola-regular-pepsi-2-lt-115102/p Escoja una opción para entrar Recibir código de acceso por e-mail Entrar con e-mail y contraseña Entrar con Mi Cuenta o Registrarme A un clic de llevarte el producto ¿Quéres finalizar tu compra? Seguir viendo Finalizar compra Bebidas Gaseosas Cola Gaseosa Cola Regular Pepsi 2 Lt. PEPSI Referencia : 7791813888468 Gaseosa Cola Regular Pepsi 2 Lt. $ 4.300 Precio por 1 LT $ 2.150 Precio sin Impuestos Nacionales: $ 3.269,29 Agregar Busca tu tienda más cercana Promociones Bancarias Términos más buscados 1. leche 2. cerveza 3. flamin 4. galletitas 5. cafe",,4300,,,,unknown,
"Hola, Limpía tú cache","Hola, Limpía tú cache ¿Donde está el usuario actual? A un clic de llevarte el producto ¿Quéres finalizar tu compra? Seguir viendo Finalizar compra Bebidas Gaseosas Cola Gaseosa Cola Dia 1,5 Lt. DIA Referencia : 8480017248411 Gaseosa Cola Dia 1,5 Lt. $ 800 $ 1.350 41%",,800,,,,unknown,
¡Atención!,"¡Atención! Se eliminarán todos los productos del carrito Vaciar carrito Cancelar Categorías Buscar producto, marca o categoría Ingresar Elegí tu envío Hola, Limpía tú cache ¡Atención! Llegaste al límite de unidades para Envío Express (15 unid.). Si querés agregar más productos, podés cambiar tu entrega a Programada o Finalizar tu pedido ahora. ¿Qué deseás hacer? IR AL PAGO CAMBIAR LA ENTREGA A PROGRAMADA ¿Donde está el usuario actual? /gaseosa-cola-cunnington-225-lt-264018/p Escoja una opción para entrar Recibir código de acceso por e-mail Entrar con e-mail y contraseña Entrar con Mi Cuenta o Registrarme A un clic de llevarte el producto ¿Quéres finalizar tu compra? Seguir viendo Finalizar compra Bebidas Gaseosas Cola Gaseosa Cola Cunnington 2,25 Lt. CUNNINGTON Referencia : 7790639003437 Gaseosa Cola Cunnington 2,25 Lt. $ 1.500 $ 2.000 25% Precio por 1 LT $ 888,89 Precio sin Impuestos Nacionales: $ 1.520,60 Agregar Busca tu tienda más cercana Promociones Bancarias Términos más buscados 1. leche 2. cerveza 3. flamin 4. galletitas 5. cafe",,1500,,,,unknown,
¡Atención!,"¡Atención! Se eliminarán todos los productos del carrito Vaciar carrito Cancelar Categorías Buscar producto, marca o categoría Ingresar Elegí tu envío Hola, Limpía tú cache ¡Atención! Llegaste al límite de unidades para Envío Express (15 unid.). Si querés agregar más productos, podés cambiar tu entrega a Programada o Finalizar tu pedido ahora. ¿Qué deseás hacer? IR AL PAGO CAMBIAR LA ENTREGA A PROGRAMADA ¿Donde está el usuario actual? /gaseosa-crush-sin-azucar-pomelo-amarillo-225-lt-114822/p Escoja una opción para entrar Recibir código de acceso por e-mail Entrar con e-mail y contraseña Entrar con Mi Cuenta o Registrarme A un clic de llevarte el producto ¿Quéres finalizar tu compra? Seguir viendo Finalizar compra Lo sentimos, no encontramos lo que buscas Podés intentar con otra palabra en nuestro buscador o explorar nuestras categorías 👇 Categorias destacadas Almacén Bebidas Frescos Desayuno Términos más buscados 1. leche 2. cerveza 3. flamin 4. galletitas 5. cafe",,,,,,unknown,
¡Atención!,"¡Atención! Se eliminarán todos los productos del carrito Vaciar carrito Cancelar Categorías Buscar producto, marca o categoría Ingresar Elegí tu envío Hola, Limpía tú cache ¡Atención! Llegaste al límite de unidades para Envío Express (15 unid.). Si querés agregar más productos, podés cambiar tu entrega a Programada o Finalizar tu pedido ahora. ¿Qué deseás hacer? IR AL PAGO CAMBIAR LA ENTREGA A PROGRAMADA ¿Donde está el usuario actual? /papa-negra-x-1-kg-90094/p Escoja una opción para entrar Recibir código de acceso por e-mail Entrar con e-mail y contraseña Entrar con Mi Cuenta o Registrarme A un clic de llevarte el producto ¿Quéres finalizar tu compra? Seguir viendo Finalizar compra Frescos Frutas y Verduras Verduras Papa Negra x 1 Kg. SIN MARCA Referencia : 2490094000000 Papa Negra x 1 Kg. $ 890 Precio por 1 Kg $ 890 Precio sin Impuestos Nacionales: $ 805,43 Agregar Busca tu tienda más cercana Promociones Bancarias Términos más buscados 1. leche 2. cerveza 3. flamin 4. galletitas 5. cafe",,890,,,,unknown,
¡Atención!,"¡Atención! Se eliminarán todos los productos del carrito Vaciar carrito Cancelar Categorías Buscar producto, marca o categoría Ingresar Elegí tu envío Hola, Limpía tú cache ¡Atención! Llegaste al límite de unidades para Envío Express (15 unid.). Si querés agregar más productos, podés cambiar tu entrega a Programada o Finalizar tu pedido ahora. ¿Qué deseás hacer? IR AL PAGO CAMBIAR LA ENTREGA A PROGRAMADA ¿Donde está el usuario actual? /tomate-redondo-x-1-kg-90127/p A un clic de llevarte el producto ¿Quéres finalizar tu compra? Seguir viendo Finalizar compra Frescos Frutas y Verduras Verduras Tomate Redondo x 1 Kg. DIA Referencia : 2490127000000 Tomate Redondo x 1 Kg. $ 4.690 Precio por 1 Kg $ 4.690 Precio sin Impuestos Nacionales: $ 4.244,34 Agregar Busca tu tienda más cercana Promociones Bancarias Términos más buscados 1. leche 2. cerveza 3. flamin 4. galletitas 5. cafe",,4690,,,,unknown,
<,"< 🌼🌻​🌷​​ DALE VIDA A TU JARDIN 🌷🌻​🌼​ 🍪​​ LAS MEJORES OFERTAS PARA TU DESAYUNO ​ 🍪 Estás comprando en: CÓRDOBA - Hipermercado Lugones ¿Qué producto buscas? Iniciar sesión Categorias Tecnología Electrodomésticos Hogar Bebidas Almacén Lácteos Quesos y fiambres Carnes Frutas y Verduras Congelados Pastas frescas y tapas Taeq Limpieza Perfumería Bebés y Niños Vehículos Mascotas Aire Libre y Jardín Librería Deportes Lácteos Leches Refrigeradas LECHE ENTERA LA SERENISIMA MULTIVITAMINAS 3% SACHET X 1 L La Serenisima Código : 523819 LECHE ENTERA LA SERENISIMA MULTIVITAMINAS 3% SACHET X 1 L $ 1 . 739 , 00 ＋ － Agregar Agregar a mi lista Comparte Precio sin impuestos Nac. $ 1.437,19 Descripción Datos Técnicos Descripción del producto LECHE ENTERA LA SERENISIMA MULTIVITAMINAS 3% SACHET X 1 L ¡Suscribite a nuestro newsletter! Recibí las ofertas y novedades en tu buzón. Suscribirme Seguridad y confianza © Libertad 2023. Todos los derechos reservados. Términos y Condiciones Direcciôn General de Defensa y protecciôn al Consumidor, para consultas y/o denuncias ingrese aquí Términos más buscados 1. leche 2. cerveza 3. aceite 4. yerba 5. cafe 6. pañales 7. queso 8. arroz 9. fideos 10. fernet",,1,,,,unknown,
¡Nueva tarjeta de crédito HEB Afirme!,"¡Nueva tarjeta de crédito HEB Afirme! Consigue la tuya aquí Elige método de entrega Buscar productos Mis listas Mis pedidos Iniciar sesión $0 Pasillos Promociones exclusivas con Nuevos Productos Vive Saludable Mascotas Exclusivos en línea Live Promociones Azucar y sustitutos Azúcar Azúcar Morena 907 pz Azúcar Morena 907 pz ☆ ☆ ☆ ☆ ☆ (0) Por favor, inicia sesión para escribir un comentario. HEB Referencia : 755095 $46.00 . ＋ － Agregar Beneficio PRIME: -5% de descuento Este descuento especial está disponible solo para miembros PRIME. Promociones bancarias Obtén un 5% de cashback en todas tus compras en heb.com.mx y nuestra app con la tarjeta de crédito HEB Afirme . Solicítala aquí Métodos de entrega Pick&Go Delivery Compartir Descripción Características Reseñas Tipo de producto Azúcar morena Marca HEB Denominación/Variedad Brown Sugar Contenido neto 907 g Presentación Bolsa Advertencias de almacenamiento Almacenar en un lugar fresco y seco Ingredientes Azúcar, Melaza de caña Denominación dietética Vegetariana. Baja en sodio. 5 a 10 g de carbohidratos Formato Granulado Porción sugerida 4 g Porción referencial 1 cucharadita Porciones por envase 227 Energía por 100 g 420 Kcal Proteínas totales por 100 g 0 g Grasas totales por 100 g 0 g Carbohidratos totales por 100 g 100 g Azúcares totales por 100 g 98 g Sodio por 100 g 0 mg Energía por porción 15 Kcal Proteínas totales por porción 0 g Grasas totales por porción 0 g Carbohidratos totales por porción 4 g Azúcares totales por porción 4 g Sodio por porción 0 mg Suscríbete a nuestro Newsletter y entérate de las ofertas y lanzamientos. Suscríbete a nuestro Newsletter y entérate de las ofertas y lanzamientos. Suscríbete Aviso de Privacidad | Términos y Condiciones | Politica de Devoluciones | Términos y Condiciones: Cupones y Promociones | Promociones Bancarias © 2024 H-E-B México - TODOS LOS DERECHOS RESERVADOS",,0,,,,unknown,
<,"< 🌼🌻​🌷​​ DALE VIDA A TU JARDIN 🌷🌻​🌼​ Estás comprando en: CÓRDOBA - Hipermercado Lugones ¿Qué producto buscas? Iniciar sesión Categorias Tecnología Electrodomésticos Hogar Bebidas Almacén Lácteos Quesos y fiambres Carnes Frutas y Verduras Congelados Pastas frescas y tapas Taeq Limpieza Perfumería Bebés y Niños Vehículos Mascotas Aire Libre y Jardín Librería Deportes Lácteos Leches Larga Vida LECHE TREGAR ENTERA X 1 L. Tregar Código : 344698 LECHE TREGAR ENTERA X 1 L. $ 1 . 933 , 00 ＋ － Agregar Agregar a mi lista Comparte Precio sin impuestos Nac. $ 1.597,52 Descripción Datos Técnicos Descripción del producto LECHE TREGAR ENTERA X 1 L. ¡Suscribite a nuestro newsletter! Recibí las ofertas y novedades en tu buzón. Suscribirme Seguridad y confianza © Libertad 2023. Todos los derechos reservados. Términos y Condiciones Direcciôn General de Defensa y protecciôn al Consumidor, para consultas y/o denuncias ingrese aquí Términos más buscados 1. leche 2. cerveza 3. aceite 4. yerba 5. cafe 6. pañales 7. queso 8. arroz 9. fideos 10. fernet",,1,,,,unknown,
<,"< 🌼🌻​🌷​​ DALE VIDA A TU JARDIN 🌷🌻​🌼​ Estás comprando en: CÓRDOBA - Hipermercado Lugones ¿Qué producto buscas? Iniciar sesión Categorias Tecnología Electrodomésticos Hogar Bebidas Almacén Lácteos Quesos y fiambres Carnes Frutas y Verduras Congelados Pastas frescas y tapas Taeq Limpieza Perfumería Bebés y Niños Vehículos Mascotas Aire Libre y Jardín Librería Deportes Lácteos Leches Refrigeradas Leche Entera Manfrey Sachet 1L Manfrey Código : 277842 Leche Entera Manfrey Sachet 1L $ 1 . 386 , 00 ＋ － Agregar Agregar a mi lista Comparte Precio sin impuestos Nac. $ 1.145,45 Descripción Datos Técnicos Descripción del producto Leche Entera Manfrey Sachet 1L ¡Suscribite a nuestro newsletter! Recibí las ofertas y novedades en tu buzón. Suscribirme Seguridad y confianza © Libertad 2023. Todos los derechos reservados. Términos y Condiciones Direcciôn General de Defensa y protecciôn al Consumidor, para consultas y/o denuncias ingrese aquí Términos más buscados 1. leche 2. cerveza 3. aceite 4. yerba 5. cafe 6. pañales 7. queso 8. arroz 9. fideos 10. fernet",,1,,,,unknown,
<,"< 🌼🌻​🌷​​ DALE VIDA A TU JARDIN 🌷🌻​🌼​ Estás comprando en: CÓRDOBA - Hipermercado Lugones ¿Qué producto buscas? Iniciar sesión Categorias Tecnología Electrodomésticos Hogar Bebidas Almacén Lácteos Quesos y fiambres Carnes Frutas y Verduras Congelados Pastas frescas y tapas Taeq Limpieza Perfumería Bebés y Niños Vehículos Mascotas Aire Libre y Jardín Librería Deportes Lácteos Leches Larga Vida LECHE LS UAT PARC DESC 1% FORT CON VIT La Serenisima Código : 510036 LECHE LS UAT PARC DESC 1% FORT CON VIT $ 2 . 299 , 00 ＋ － Agregar Agregar a mi lista Comparte Precio sin impuestos Nac. $ 1.643,80 Descripción Datos Técnicos Descripción del producto LECHE LS UAT PARC DESC 1% FORT CON VIT ¡Suscribite a nuestro newsletter! Recibí las ofertas y novedades en tu buzón. Suscribirme Seguridad y confianza © Libertad 2023. Todos los derechos reservados. Términos y Condiciones Direcciôn General de Defensa y protecciôn al Consumidor, para consultas y/o denuncias ingrese aquí Términos más buscados 1. leche 2. cerveza 3. aceite 4. yerba 5. cafe 6. pañales 7. queso 8. arroz 9. fideos 10. fernet",,2,,,,unknown,
<,"< 🌼🌻​🌷​​ DALE VIDA A TU JARDIN 🌷🌻​🌼​ Estás comprando en: CÓRDOBA - Hipermercado Lugones ¿Qué producto buscas? Iniciar sesión Categorias Tecnología Electrodomésticos Hogar Bebidas Almacén Lácteos Quesos y fiambres Carnes Frutas y Verduras Congelados Pastas frescas y tapas Taeq Limpieza Perfumería Bebés y Niños Vehículos Mascotas Aire Libre y Jardín Librería Deportes No encontramos lo que buscabas Ir a la Home ¿Qué podés hacer? Probá escribirlo de otra manera Podrás encontrar productos similares a través del buscador. Probablemente no tengamos stock del producto en esta sucursal, probá colocando otra tienda en el selector. Buscá utilizar sinónimos al término deseado. Si no estás seguro de cómo llegaste aquí, visitá nuestra home. ¡Suscribite a nuestro newsletter! Recibí las ofertas y novedades en tu buzón. Suscribirme Seguridad y confianza © Libertad 2023. Todos los derechos reservados. Términos y Condiciones Direcciôn General de Defensa y protecciôn al Consumidor, para consultas y/o denuncias ingrese aquí Términos más buscados 1. leche 2. cerveza 3. aceite 4. yerba 5. cafe 6. pañales 7. queso 8. arroz 9. fideos 10. fernet",,,,,,unknown,
<,"< 🌼🌻​🌷​​ DALE VIDA A TU JARDIN 🌷🌻​🌼​ Estás comprando en: CÓRDOBA - Hipermercado Lugones ¿Qué producto buscas? Iniciar sesión Categorias Tecnología Electrodomésticos Hogar Bebidas Almacén Lácteos Quesos y fiambres Carnes Frutas y Verduras Congelados Pastas frescas y tapas Taeq Limpieza Perfumería Bebés y Niños Vehículos Mascotas Aire Libre y Jardín Librería Deportes No encontramos lo que buscabas Ir a la Home ¿Qué podés hacer? Probá escribirlo de otra manera Podrás encontrar productos similares a través del buscador. Probablemente no tengamos stock del producto en esta sucursal, probá colocando otra tienda en el selector. Buscá utilizar sinónimos al término deseado. Si no estás seguro de cómo llegaste aquí, visitá nuestra home. ¡Suscribite a nuestro newsletter! Recibí las ofertas y novedades en tu buzón. Suscribirme Seguridad y confianza © Libertad 2023. Todos los derechos reservados. Términos y Condiciones Direcciôn General de Defensa y protecciôn al Consumidor, para consultas y/o denuncias ingrese aquí Términos más buscados 1. leche 2. cerveza 3. aceite 4. yerba 5. cafe 6. pañales 7. queso 8. arroz 9. fideos 10. fernet",,,,,,unknown,
<,"< 🌼🌻​🌷​​ DALE VIDA A TU JARDIN 🌷🌻​🌼​ Estás comprando en: CÓRDOBA - Hipermercado Lugones ¿Qué producto buscas? Iniciar sesión Categorias Tecnología Electrodomésticos Hogar Bebidas Almacén Lácteos Quesos y fiambres Carnes Frutas y Verduras Congelados Pastas frescas y tapas Taeq Limpieza Perfumería Bebés y Niños Vehículos Mascotas Aire Libre y Jardín Librería Deportes No encontramos lo que buscabas Ir a la Home ¿Qué podés hacer? Probá escribirlo de otra manera Podrás encontrar productos similares a través del buscador. Probablemente no tengamos stock del producto en esta sucursal, probá colocando otra tienda en el selector. Buscá utilizar sinónimos al término deseado. Si no estás seguro de cómo llegaste aquí, visitá nuestra home. ¡Suscribite a nuestro newsletter! Recibí las ofertas y novedades en tu buzón. Suscribirme Seguridad y confianza © Libertad 2023. Todos los derechos reservados. Términos y Condiciones Direcciôn General de Defensa y protecciôn al Consumidor, para consultas y/o denuncias ingrese aquí Términos más buscados 1. leche 2. cerveza 3. aceite 4. yerba 5. cafe 6. pañales 7. queso 8. arroz 9. fideos 10. fernet",,,,,,unknown,
<,"< 🌼🌻​🌷​​ DALE VIDA A TU JARDIN 🌷🌻​🌼​ Estás comprando en: CÓRDOBA - Hipermercado Lugones ¿Qué producto buscas? Iniciar sesión Categorias Tecnología Electrodomésticos Hogar Bebidas Almacén Lácteos Quesos y fiambres Carnes Frutas y Verduras Congelados Pastas frescas y tapas Taeq Limpieza Perfumería Bebés y Niños Vehículos Mascotas Aire Libre y Jardín Librería Deportes Almacén Panificados Pan Lactal Pan Salvado Lactal 560g Lactal Código : 501942 Pan Salvado Lactal 560g $ 5 . 679 , 00 ＋ － Agregar Agregar a mi lista Comparte Precio sin impuestos Nac. $ 4.693,39 Descripción Datos Técnicos Descripción del producto El pan Lactal es nuestro pan clásico que acompaña tu mesa desde hace mas de 100 años. ¡Suscribite a nuestro newsletter! Recibí las ofertas y novedades en tu buzón. Suscribirme Seguridad y confianza © Libertad 2023. Todos los derechos reservados. Términos y Condiciones Direcciôn General de Defensa y protecciôn al Consumidor, para consultas y/o denuncias ingrese aquí Términos más buscados 1. leche 2. cerveza 3. aceite 4. yerba 5. cafe 6. pañales 7. queso 8. arroz 9. fideos 10. fernet",,5,,,,unknown,
<,"< 🌼🌻​🌷​​ DALE VIDA A TU JARDIN 🌷🌻​🌼​ 🍪​​ LAS MEJORES OFERTAS PARA TU DESAYUNO ​ 🍪 Estás comprando en: CÓRDOBA - Hipermercado Lugones ¿Qué producto buscas? Iniciar sesión Categorias Tecnología Electrodomésticos Hogar Bebidas Almacén Lácteos Quesos y fiambres Carnes Frutas y Verduras Congelados Pastas frescas y tapas Taeq Limpieza Perfumería Bebés y Niños Vehículos Mascotas Aire Libre y Jardín Librería Deportes Almacén Panificados Pan Lactal Pan Lactal Familiar Veneziana Blanco x 600 Gr Veneziana Código : 89078 Pan Lactal Familiar Veneziana Blanco x 600 Gr $ 3 . 209 , 00 ＋ － Agregar Agregar a mi lista Comparte Precio sin impuestos Nac. $ 2.652,07 Descripción Datos Técnicos Descripción del producto Pan Lactal Familiar Veneziana Blanco x 600 Gr ¡Suscribite a nuestro newsletter! Recibí las ofertas y novedades en tu buzón. Suscribirme Seguridad y confianza © Libertad 2023. Todos los derechos reservados. Términos y Condiciones Direcciôn General de Defensa y protecciôn al Consumidor, para consultas y/o denuncias ingrese aquí Términos más buscados 1. leche 2. cerveza 3. aceite 4. yerba 5. cafe 6. pañales 7. queso 8. arroz 9. fideos 10. fernet",,3,,,,unknown,
<,"< 🌼🌻​🌷​​ DALE VIDA A TU JARDIN 🌷🌻​🌼​ Estás comprando en: CÓRDOBA - Hipermercado Lugones ¿Qué producto buscas? Iniciar sesión Categorias Tecnología Electrodomésticos Hogar Bebidas Almacén Lácteos Quesos y fiambres Carnes Frutas y Verduras Congelados Pastas frescas y tapas Taeq Limpieza Perfumería Bebés y Niños Vehículos Mascotas Aire Libre y Jardín Librería Deportes Almacén Panificados Elaboración Propia PAN FRANC�S X 500 G ECOMM C/CPC Frescos Código : 471885 PAN FRANC�S X 500 G ECOMM C/CPC $ 1 . 890 , 00 ＋ － Agregar Agregar a mi lista Comparte Precio sin impuestos Nac. $ 1.561,98 Descripción Datos Técnicos Descripción del producto PAN FRANC�S X 500 G ECOMM C/CPC ¡Suscribite a nuestro newsletter! Recibí las ofertas y novedades en tu buzón. Suscribirme Seguridad y confianza © Libertad 2023. Todos los derechos reservados. Términos y Condiciones Direcciôn General de Defensa y protecciôn al Consumidor, para consultas y/o denuncias ingrese aquí Términos más buscados 1. leche 2. cerveza 3. aceite 4. yerba 5. cafe 6. pañales 7. queso 8. arroz 9. fideos 10. fernet",,1,,,,unknown,
<,"< 🌼🌻​🌷​​ DALE VIDA A TU JARDIN 🌷🌻​🌼​ 🍪​​ LAS MEJORES OFERTAS PARA TU DESAYUNO ​ 🍪 Estás comprando en: CÓRDOBA - Hipermercado Lugones ¿Qué producto buscas? Iniciar sesión Categorias Tecnología Electrodomésticos Hogar Bebidas Almacén Lácteos Quesos y fiambres Carnes Frutas y Verduras Congelados Pastas frescas y tapas Taeq Limpieza Perfumería Bebés y Niños Vehículos Mascotas Aire Libre y Jardín Librería Deportes Almacén Desayuno y Merienda Azucar y Edulcorantes AZUCAR CLASICA LEDESMA X1 K Ledesma Código : 370591 AZUCAR CLASICA LEDESMA X1 K $ 1 . 319 , 00 ＋ － Agregar Agregar a mi lista Comparte Precio sin impuestos Nac. $ 1.090,08 Descripción Datos Técnicos Descripción del producto AZUCAR CLASICA LEDESMA X1 K ¡Suscribite a nuestro newsletter! Recibí las ofertas y novedades en tu buzón. Suscribirme Seguridad y confianza © Libertad 2023. Todos los derechos reservados. Términos y Condiciones Direcciôn General de Defensa y protecciôn al Consumidor, para consultas y/o denuncias ingrese aquí Términos más buscados 1. leche 2. cerveza 3. aceite 4. yerba 5. cafe 6. pañales 7. queso 8. arroz 9. fideos 10. fernet",,1,,,,unknown,
¡Nueva tarjeta de crédito HEB Afirme!,"¡Nueva tarjeta de crédito HEB Afirme! Consigue la tuya aquí Elige método de entrega Buscar productos Mis listas Mis pedidos Iniciar sesión $0 Pasillos Promociones exclusivas con Nuevos Productos Vive Saludable Mascotas Exclusivos en línea Live Promociones Café Café Soluble Nescafe Café Soluble Clásico 120 g Nescafe Café Soluble Clásico 120 g Cargando comentarios… NESCAFE Referencia : 580154 Empieza tu día de la mejor manera con el delicioso sabor de Nescafé Clásico, el original café de México. $98.00 $113.00 . ＋ － Agregar Promociones bancarias Obtén un 5% de cashback en todas tus compras en heb.com.mx y nuestra app con la tarjeta de crédito HEB Afirme . Solicítala aquí Métodos de entrega Pick&Go Delivery Compartir Descripción Reseñas Nescafé Clásico es un café 100% puro soluble, el preferido por los mexicanos, elaborado a base de una mezcla de granos de café arábica y robusta para siempre ofrecerte la mejor taza, con el rico sabor y aroma que ya conoces. ¡Escanea y descubre el propósito del día con Nescafé! Tipo de producto Café Marca Nescafé Denominación/Variedad Soluble Clásico Contenido neto 120 g Presentación Frasco Modo de preparación 1. Agrega una cucharadita de 2 g a tu taza favorita. 2. Vierte 150ml de agua o leche caliente. 3. Disfruta Advertencias de almacenamiento Conserva el envase en un lugar fresco y seco, alejado de aromas que lo contaminen Ingredientes Café 100% puro soluble Descafeinado No Porción sugerida 2 g Porción referencial 1 cucharadita Suscríbete a nuestro Newsletter y entérate de las ofertas y lanzamientos. Suscríbete a nuestro Newsletter y entérate de las ofertas y lanzamientos. Suscríbete Aviso de Privacidad | Términos y Condiciones | Politica de Devoluciones | Términos y Condiciones: Cupones y Promociones | Promociones Bancarias © 2024 H-E-B México - TODOS LOS DERECHOS RESERVADOS",,0,,,,unknown,
<,"< 🌼🌻​🌷​​ DALE VIDA A TU JARDIN 🌷🌻​🌼​ 🍪​​ LAS MEJORES OFERTAS PARA TU DESAYUNO ​ 🍪 Estás comprando en: CÓRDOBA - Hipermercado Lugones ¿Qué producto buscas? Iniciar sesión Categorias Tecnología Electrodomésticos Hogar Bebidas Almacén Lácteos Quesos y fiambres Carnes Frutas y Verduras Congelados Pastas frescas y tapas Taeq Limpieza Perfumería Bebés y Niños Vehículos Mascotas Aire Libre y Jardín Librería Deportes Almacén Desayuno y Merienda Azucar y Edulcorantes AZUCAR LA PERLA X 1 K La Perla Código : 525083 AZUCAR LA PERLA X 1 K $ 999 , 00 ＋ － Agregar Agregar a mi lista Comparte Precio sin impuestos Nac. $ 718,18 Descripción Datos Técnicos Descripción del producto AZUCAR LA PERLA X 1 K ¡Suscribite a nuestro newsletter! Recibí las ofertas y novedades en tu buzón. Suscribirme Seguridad y confianza © Libertad 2023. Todos los derechos reservados. Términos y Condiciones Direcciôn General de Defensa y protecciôn al Consumidor, para consultas y/o denuncias ingrese aquí Términos más buscados 1. leche 2. cerveza 3. aceite 4. yerba 5. cafe 6. pañales 7. queso 8. arroz 9. fideos 10. fernet",,999,,,,unknown,
<,"< 🌼🌻​🌷​​ DALE VIDA A TU JARDIN 🌷🌻​🌼​ 🍪​​ LAS MEJORES OFERTAS PARA TU DESAYUNO ​ 🍪 Estás comprando en: CÓRDOBA - Hipermercado Lugones ¿Qué producto buscas? Iniciar sesión Categorias Tecnología Electrodomésticos Hogar Bebidas Almacén Lácteos Quesos y fiambres Carnes Frutas y Verduras Congelados Pastas frescas y tapas Taeq Limpieza Perfumería Bebés y Niños Vehículos Mascotas Aire Libre y Jardín Librería Deportes Almacén Desayuno y Merienda Azucar y Edulcorantes AZUCAR DOMINO X1KG Mir Código : 243755 AZUCAR DOMINO X1KG $ 1 . 199 , 00 ＋ － Agregar Agregar a mi lista Comparte Precio sin impuestos Nac. $ 990,91 Descripción Datos Técnicos Descripción del producto AZUCAR DOMINO X1KG ¡Suscribite a nuestro newsletter! Recibí las ofertas y novedades en tu buzón. Suscribirme Seguridad y confianza © Libertad 2023. Todos los derechos reservados. Términos y Condiciones Direcciôn General de Defensa y protecciôn al Consumidor, para consultas y/o denuncias ingrese aquí Términos más buscados 1. leche 2. cerveza 3. aceite 4. yerba 5. cafe 6. pañales 7. queso 8. arroz 9. fideos 10. fernet",,1,,,,unknown,
<,"< 🌼🌻​🌷​​ DALE VIDA A TU JARDIN 🌷🌻​🌼​ Estás comprando en: CÓRDOBA - Hipermercado Lugones ¿Qué producto buscas? Iniciar sesión Categorias Tecnología Electrodomésticos Hogar Bebidas Almacén Lácteos Quesos y fiambres Carnes Frutas y Verduras Congelados Pastas frescas y tapas Taeq Limpieza Perfumería Bebés y Niños Vehículos Mascotas Aire Libre y Jardín Librería Deportes Almacén Desayuno y Merienda Azucar y Edulcorantes AZUCAR AZUCEL X 1 K Azucel Código : 366159 AZUCAR AZUCEL X 1 K $ 991 , 00 $ 879 , 00 ＋ － Agregar Agregar a mi lista Comparte Precio sin impuestos Nac. $ 726,45 Descripción Datos Técnicos Descripción del producto AZUCAR AZUCEL X 1 K ¡Suscribite a nuestro newsletter! Recibí las ofertas y novedades en tu buzón. Suscribirme Seguridad y confianza © Libertad 2023. Todos los derechos reservados. Términos y Condiciones Direcciôn General de Defensa y protecciôn al Consumidor, para consultas y/o denuncias ingrese aquí Términos más buscados 1. leche 2. cerveza 3. aceite 4. yerba 5. cafe 6. pañales 7. queso 8. arroz 9. fideos 10. fernet",,991,,,,unknown,
<,"< 🌼🌻​🌷​​ DALE VIDA A TU JARDIN 🌷🌻​🌼​ Estás comprando en: CÓRDOBA - Hipermercado Lugones ¿Qué producto buscas? Iniciar sesión Categorias Tecnología Electrodomésticos Hogar Bebidas Almacén Lácteos Quesos y fiambres Carnes Frutas y Verduras Congelados Pastas frescas y tapas Taeq Limpieza Perfumería Bebés y Niños Vehículos Mascotas Aire Libre y Jardín Librería Deportes Almacén Pastas Secas y Salsas Fideos Largos FIDEOS LUCCHETTI SPAGHETTI N7 500G Lucchetti Código : 517008 FIDEOS LUCCHETTI SPAGHETTI N7 500G $ 1 . 501 , 00 $ 899 , 00 ＋ － Agregar Agregar a mi lista Comparte Precio sin impuestos Nac. $ 742,98 Descripción Datos Técnicos Descripción del producto FIDEOS LUCCHETTI SPAGHETTI N7 500G ¡Suscribite a nuestro newsletter! Recibí las ofertas y novedades en tu buzón. Suscribirme Seguridad y confianza © Libertad 2023. Todos los derechos reservados. Términos y Condiciones Direcciôn General de Defensa y protecciôn al Consumidor, para consultas y/o denuncias ingrese aquí Términos más buscados 1. leche 2. cerveza 3. aceite 4. yerba 5. cafe 6. pañales 7. queso 8. arroz 9. fideos 10. fernet",,1,,,,unknown,
<,"< 🌼🌻​🌷​​ DALE VIDA A TU JARDIN 🌷🌻​🌼​ 🍪​​ LAS MEJORES OFERTAS PARA TU DESAYUNO ​ 🍪 Estás comprando en: CÓRDOBA - Hipermercado Lugones ¿Qué producto buscas? Iniciar sesión Categorias Tecnología Electrodomésticos Hogar Bebidas Almacén Lácteos Quesos y fiambres Carnes Frutas y Verduras Congelados Pastas frescas y tapas Taeq Limpieza Perfumería Bebés y Niños Vehículos Mascotas Aire Libre y Jardín Librería Deportes Almacén Pastas Secas y Salsas Fideos Largos FIDEOS MATARAZZO SPAGHETTI X 500 GR Matarazzo Código : 517214 FIDEOS MATARAZZO SPAGHETTI X 500 GR $ 1 . 749 , 00 ＋ － Agregar Agregar a mi lista Comparte Precio sin impuestos Nac. $ 1.404,13 Descripción Datos Técnicos Descripción del producto FIDEOS MATARAZZO SPAGHETTI X 500 GR ¡Suscribite a nuestro newsletter! Recibí las ofertas y novedades en tu buzón. Suscribirme Seguridad y confianza © Libertad 2023. Todos los derechos reservados. Términos y Condiciones Direcciôn General de Defensa y protecciôn al Consumidor, para consultas y/o denuncias ingrese aquí Términos más buscados 1. leche 2. cerveza 3. aceite 4. yerba 5. cafe 6. pañales 7. queso 8. arroz 9. fideos 10. fernet",,1,,,,unknown,
<,"< 🌼🌻​🌷​​ DALE VIDA A TU JARDIN 🌷🌻​🌼​ Estás comprando en: CÓRDOBA - Hipermercado Lugones ¿Qué producto buscas? Iniciar sesión Categorias Tecnología Electrodomésticos Hogar Bebidas Almacén Lácteos Quesos y fiambres Carnes Frutas y Verduras Congelados Pastas frescas y tapas Taeq Limpieza Perfumería Bebés y Niños Vehículos Mascotas Aire Libre y Jardín Librería Deportes Almacén Pastas Secas y Salsas Fideos Largos FIDEOS TERRABUSI SPAGHETT N3 500G Terrabusi Código : 517012 FIDEOS TERRABUSI SPAGHETT N3 500G $ 1 . 121 , 00 ＋ － Agregar Agregar a mi lista Comparte Precio sin impuestos Nac. $ 926,45 Descripción Datos Técnicos Descripción del producto FIDEOS TERRABUSI SPAGHETT N3 500G ¡Suscribite a nuestro newsletter! Recibí las ofertas y novedades en tu buzón. Suscribirme Seguridad y confianza © Libertad 2023. Todos los derechos reservados. Términos y Condiciones Direcciôn General de Defensa y protecciôn al Consumidor, para consultas y/o denuncias ingrese aquí Términos más buscados 1. leche 2. cerveza 3. aceite 4. yerba 5. cafe 6. pañales 7. queso 8. arroz 9. fideos 10. fernet",,1,,,,unknown,
<,"< 🌼🌻​🌷​​ DALE VIDA A TU JARDIN 🌷🌻​🌼​ Estás comprando en: CÓRDOBA - Hipermercado Lugones ¿Qué producto buscas? Iniciar sesión Categorias Tecnología Electrodomésticos Hogar Bebidas Almacén Lácteos Quesos y fiambres Carnes Frutas y Verduras Congelados Pastas frescas y tapas Taeq Limpieza Perfumería Bebés y Niños Vehículos Mascotas Aire Libre y Jardín Librería Deportes No encontramos lo que buscabas Ir a la Home ¿Qué podés hacer? Probá escribirlo de otra manera Podrás encontrar productos similares a través del buscador. Probablemente no tengamos stock del producto en esta sucursal, probá colocando otra tienda en el selector. Buscá utilizar sinónimos al término deseado. Si no estás seguro de cómo llegaste aquí, visitá nuestra home. ¡Suscribite a nuestro newsletter! Recibí las ofertas y novedades en tu buzón. Suscribirme Seguridad y confianza © Libertad 2023. Todos los derechos reservados. Términos y Condiciones Direcciôn General de Defensa y protecciôn al Consumidor, para consultas y/o denuncias ingrese aquí Términos más buscados 1. leche 2. cerveza 3. aceite 4. yerba 5. cafe 6. pañales 7. queso 8. arroz 9. fideos 10. fernet",,,,,,unknown,
<,"< 🌼🌻​🌷​​ DALE VIDA A TU JARDIN 🌷🌻​🌼​ Estás comprando en: CÓRDOBA - Hipermercado Lugones ¿Qué producto buscas? Iniciar sesión Categorias Tecnología Electrodomésticos Hogar Bebidas Almacén Lácteos Quesos y fiambres Carnes Frutas y Verduras Congelados Pastas frescas y tapas Taeq Limpieza Perfumería Bebés y Niños Vehículos Mascotas Aire Libre y Jardín Librería Deportes Almacén Pastas Secas y Salsas Fideos Largos FIDEOS DON VICENTE FETUCCINI 500G Don Vicente Código : 517013 FIDEOS DON VICENTE FETUCCINI 500G $ 3 . 049 , 00 ＋ － Agregar Agregar a mi lista Comparte Precio sin impuestos Nac. $ 2.536,36 Descripción Datos Técnicos Descripción del producto FIDEOS DON VICENTE FETUCCINI 500G ¡Suscribite a nuestro newsletter! Recibí las ofertas y novedades en tu buzón. Suscribirme Seguridad y confianza © Libertad 2023. Todos los derechos reservados. Términos y Condiciones Direcciôn General de Defensa y protecciôn al Consumidor, para consultas y/o denuncias ingrese aquí Términos más buscados 1. leche 2. cerveza 3. aceite 4. yerba 5. cafe 6. pañales 7. queso 8. arroz 9. fideos 10. fernet",,3,,,,unknown,
<,"< 🌼🌻​🌷​​ DALE VIDA A TU JARDIN 🌷🌻​🌼​ 🍪​​ LAS MEJORES OFERTAS PARA TU DESAYUNO ​ 🍪 Estás comprando en: CÓRDOBA - Hipermercado Lugones ¿Qué producto buscas? Iniciar sesión Categorias Tecnología Electrodomésticos Hogar Bebidas Almacén Lácteos Quesos y fiambres Carnes Frutas y Verduras Congelados Pastas frescas y tapas Taeq Limpieza Perfumería Bebés y Niños Vehículos Mascotas Aire Libre y Jardín Librería Deportes Carnes Carne de Pollo POLLO FRESCO X UN. (APROX. 2,5KG) Frescos Código : 471729 POLLO FRESCO X UN. (APROX. 2,5KG) $ 9 . 190 , 00 $ 5 . 873 , 00 ＋ － Agregar Agregar a mi lista Comparte Precio sin impuestos Nac. $ 8.316,74 Descripción Datos Técnicos Descripción del producto POLLO FRESCO X UN. (APROX. 2,5KG) ¡Suscribite a nuestro newsletter! Recibí las ofertas y novedades en tu buzón. Suscribirme Seguridad y confianza © Libertad 2023. Todos los derechos reservados. Términos y Condiciones Direcciôn General de Defensa y protecciôn al Consumidor, para consultas y/o denuncias ingrese aquí Términos más buscados 1. leche 2. cerveza 3. aceite 4. yerba 5. cafe 6. pañales 7. queso 8. arroz 9. fideos 10. fernet",,9,,,,unknown,
<,"< 🌼🌻​🌷​​ DALE VIDA A TU JARDIN 🌷🌻​🌼​ 🍪​​ LAS MEJORES OFERTAS PARA TU DESAYUNO ​ 🍪 Estás comprando en: CÓRDOBA - Hipermercado Lugones ¿Qué producto buscas? Iniciar sesión Categorias Tecnología Electrodomésticos Hogar Bebidas Almacén Lácteos Quesos y fiambres Carnes Frutas y Verduras Congelados Pastas frescas y tapas Taeq Limpieza Perfumería Bebés y Niños Vehículos Mascotas Aire Libre y Jardín Librería Deportes Congelados Carnes y pollo INNER FILLETTE DE POLLO CONGELADO IQF (SUPREMITAS) X 800 GR Granja Tres Arroyos Código : 305540 INNER FILLETTE DE POLLO CONGELADO IQF (SUPREMITAS) X 800 GR $ 14 . 990 , 00 ＋ － Agregar Agregar a mi lista Comparte Precio sin impuestos Nac. $ 13.565,61 Descripción Datos Técnicos Descripción del producto INNER FILLETTE DE POLLO CONGELADO IQF (SUPREMITAS) X 800 GR ¡Suscribite a nuestro newsletter! Recibí las ofertas y novedades en tu buzón. Suscribirme Seguridad y confianza © Libertad 2023. Todos los derechos reservados. Términos y Condiciones Direcciôn General de Defensa y protecciôn al Consumidor, para consultas y/o denuncias ingrese aquí Términos más buscados 1. leche 2. cerveza 3. aceite 4. yerba 5. cafe 6. pañales 7. queso 8. arroz 9. fideos 10. fernet",,14,,,,unknown,
"Este sitio web utiliza cookies propias para optimizar la experiencia de nuestros clientes, analizar estadísticas de navegación del sitio y de terceros para brindar contenidos personalizados de acuerdo","Este sitio web utiliza cookies propias para optimizar la experiencia de nuestros clientes, analizar estadísticas de navegación del sitio y de terceros para brindar contenidos personalizados de acuerdo con sus preferencias. Al dar click en [Aceptar], autoriza el uso de cookies durante su navegación. Para más información, consulte nuestra Política de Cookies en el Aviso de Privacidad . Aceptar Supermercado Despensa Aceites y vinagres Aceite Vegetal Nutrioli Antigoteo Puro de Soya 700ml Nutrioli Cargando comentarios… Aceite Vegetal Nutrioli Antigoteo Puro de Soya 700ml Aceite Vegetal Nutrioli Antigoteo Puro de Soya 700ml Referencia : 3738492 Información Nutrioli Antigoteo, con tapa dosificadora para mayor control y limpieza, es un aceite100% puro con Omegas 3, 6 y 9 que favorece la salud cardiovascular, por su origen vegetal no contiene colestero y contiene vitamina E, ideal para cocinar de manera práctica y sencilla Las imágenes del producto son únicamente de referencia, el diseño de etiquetas y el contenido (ml, L, Kg, g, piezas, etc) pueden cambiar y/o variar sin previo aviso. Mostrar más Comparte Vendido y entregado por: Chedraui Descripción Especificaciones Nutrioli Antigoteo, con tapa dosificadora para mayor control y limpieza, es un aceite para cocinar 100% puro de soya que cuida tu salud, ya que cuenta con Omegas 3, 6 y 9, que ayudan a elevar tus niveles de colesterol bueno y reducir el malo, por su origen vegetal no contiene colesterol, es claro y su consistencia es muy ligera, además, contiene vitamina E, ideal para cocinar de manera práctica y sencilla Productos relacionados Aceite Vegetal Nutrioli Puro de Soya 400ml Nutrioli $0.00 1 pieza de 400ml Combo Cantidad Máxima Equivale a ≈1 pza 3x2 Aceite Vegetal Nutrioli Puro de Soya 850ml Nutrioli $0.00 1 pieza de 850ml Combo Cantidad Máxima Equivale a ≈1 pza 3x2 Aceite comestible Selecto Brand puro de soya 800ml Selecto Brand $0.00 1 pieza de 800ml Combo Cantidad Máxima Equivale a ≈1 pza 3x2 Aceite Vegetal Nutri",,000,,,,unknown,
¡Nueva tarjeta de crédito HEB Afirme!,"¡Nueva tarjeta de crédito HEB Afirme! Consigue la tuya aquí Elige método de entrega Buscar productos Mis listas Mis pedidos Iniciar sesión $0 Pasillos Promociones exclusivas con Nuevos Productos Vive Saludable Mascotas Exclusivos en línea Live Promociones Café Café Soluble HCF Café Soluble Regular 90 g HCF Café Soluble Regular 90 g ☆ ☆ ☆ ☆ ☆ (0) Por favor, inicia sesión para escribir un comentario. HCF Referencia : 754722 $51.90 . ＋ － Agregar Beneficio PRIME: -5% de descuento Este descuento especial está disponible solo para miembros PRIME. Promociones bancarias Obtén un 5% de cashback en todas tus compras en heb.com.mx y nuestra app con la tarjeta de crédito HEB Afirme . Solicítala aquí Métodos de entrega Pick&Go Delivery Compartir Lo que no sabías que te faltaba... Croissant Mini 24 pz HEB $89.00 ＋ － Agregar Polvoron Sevillano 1 Pz $13.50 ＋ － Agregar HEB Pan de Muerto con Relleno Cheesecake Guayaba HEB $40.00 ＋ － Agregar HEB Pan de Muerto Grande 750 g HEB $144.00 ＋ － Agregar HEB Pan de Muerto Mediano 500 g HEB $97.00 ＋ － Agregar HEB Pan de Muerto Chico HEB $23.00 ＋ － Agregar HEB Pan de Muerto Chico 5 pz HEB $103.00 ＋ － Agregar HEB Pan de Muerto Chico con 3 pz HEB $62.90 ＋ － Agregar Croissant Mini 24 pz HEB $89.00 ＋ － Agregar Polvoron Sevillano 1 Pz $13.50 ＋ － Agregar HEB Pan de Muerto con Relleno Cheesecake Guayaba HEB $40.00 ＋ － Agregar HEB Pan de Muerto Grande 750 g HEB $144.00 ＋ － Agregar HEB Pan de Muerto Mediano 500 g HEB $97.00 ＋ － Agregar HEB Pan de Muerto Chico HEB $23.00 ＋ － Agregar HEB Pan de Muerto Chico 5 pz HEB $103.00 ＋ － Agregar HEB Pan de Muerto Chico con 3 pz HEB $62.90 ＋ － Agregar Croissant Mini 24 pz HEB $89.00 ＋ － Agregar Polvoron Sevillano 1 Pz $13.50 ＋ － Agregar Descripción Reseñas Tipo de producto Café Marca Hill Country Fare Denominación/Variedad Instantáneo Regular Contenido neto 90 g Presentación Frasco País de origen México Modo de preparación Agregar dos cucharaditas de café soluble en una taza de agua hirviendo y disolver. Las cantidad",,0,,,,unknown,
<,"< 🌼🌻​🌷​​ DALE VIDA A TU JARDIN 🌷🌻​🌼​ Estás comprando en: CÓRDOBA - Hipermercado Lugones ¿Qué producto buscas? Iniciar sesión Categorias Tecnología Electrodomésticos Hogar Bebidas Almacén Lácteos Quesos y fiambres Carnes Frutas y Verduras Congelados Pastas frescas y tapas Taeq Limpieza Perfumería Bebés y Niños Vehículos Mascotas Aire Libre y Jardín Librería Deportes Frutas y Verduras Huevos HUEVO BLANCO MEDITERRANEA. X6U Frescos Código : 122682 HUEVO BLANCO MEDITERRANEA. X6U $ 2 . 205 , 00 ＋ － Agregar Agregar a mi lista Comparte Precio sin impuestos Nac. $ 1.363,64 Descripción Datos Técnicos Descripción del producto HUEVO BLANCO MEDITERRANEA. X6U ¡Suscribite a nuestro newsletter! Recibí las ofertas y novedades en tu buzón. Suscribirme Seguridad y confianza © Libertad 2023. Todos los derechos reservados. Términos y Condiciones Direcciôn General de Defensa y protecciôn al Consumidor, para consultas y/o denuncias ingrese aquí Términos más buscados 1. leche 2. cerveza 3. aceite 4. yerba 5. cafe 6. pañales 7. queso 8. arroz 9. fideos 10. fernet",,2,,,,unknown,
<,"< 🌼🌻​🌷​​ DALE VIDA A TU JARDIN 🌷🌻​🌼​ Estás comprando en: CÓRDOBA - Hipermercado Lugones ¿Qué producto buscas? Iniciar sesión Categorias Tecnología Electrodomésticos Hogar Bebidas Almacén Lácteos Quesos y fiambres Carnes Frutas y Verduras Congelados Pastas frescas y tapas Taeq Limpieza Perfumería Bebés y Niños Vehículos Mascotas Aire Libre y Jardín Librería Deportes Frutas y Verduras Huevos HUEVOS GALLINA COLOR X 12 Los Martinez Código : 460071 HUEVOS GALLINA COLOR X 12 $ 3 . 962 , 00 ＋ － Agregar Agregar a mi lista Comparte Precio sin impuestos Nac. $ 3.178,51 Descripción Datos Técnicos Descripción del producto HUEVOS GALLINA COLOR X 12 ¡Suscribite a nuestro newsletter! Recibí las ofertas y novedades en tu buzón. Suscribirme Seguridad y confianza © Libertad 2023. Todos los derechos reservados. Términos y Condiciones Direcciôn General de Defensa y protecciôn al Consumidor, para consultas y/o denuncias ingrese aquí Términos más buscados 1. leche 2. cerveza 3. aceite 4. yerba 5. cafe 6. pañales 7. queso 8. arroz 9. fideos 10. fernet",,3,,,,unknown,
<,"< 🌼🌻​🌷​​ DALE VIDA A TU JARDIN 🌷🌻​🌼​ Estás comprando en: CÓRDOBA - Hipermercado Lugones ¿Qué producto buscas? Iniciar sesión Categorias Tecnología Electrodomésticos Hogar Bebidas Almacén Lácteos Quesos y fiambres Carnes Frutas y Verduras Congelados Pastas frescas y tapas Taeq Limpieza Perfumería Bebés y Niños Vehículos Mascotas Aire Libre y Jardín Librería Deportes No encontramos lo que buscabas Ir a la Home ¿Qué podés hacer? Probá escribirlo de otra manera Podrás encontrar productos similares a través del buscador. Probablemente no tengamos stock del producto en esta sucursal, probá colocando otra tienda en el selector. Buscá utilizar sinónimos al término deseado. Si no estás seguro de cómo llegaste aquí, visitá nuestra home. ¡Suscribite a nuestro newsletter! Recibí las ofertas y novedades en tu buzón. Suscribirme Seguridad y confianza © Libertad 2023. Todos los derechos reservados. Términos y Condiciones Direcciôn General de Defensa y protecciôn al Consumidor, para consultas y/o denuncias ingrese aquí Términos más buscados 1. leche 2. cerveza 3. aceite 4. yerba 5. cafe 6. pañales 7. queso 8. arroz 9. fideos 10. fernet",,,,,,unknown,
<,"< 🌼🌻​🌷​​ DALE VIDA A TU JARDIN 🌷🌻​🌼​ 🍪​​ LAS MEJORES OFERTAS PARA TU DESAYUNO ​ 🍪 Estás comprando en: CÓRDOBA - Hipermercado Lugones ¿Qué producto buscas? Iniciar sesión Categorias Tecnología Electrodomésticos Hogar Bebidas Almacén Lácteos Quesos y fiambres Carnes Frutas y Verduras Congelados Pastas frescas y tapas Taeq Limpieza Perfumería Bebés y Niños Vehículos Mascotas Aire Libre y Jardín Librería Deportes Quesos y fiambres Quesos Quesos blandos QUESO CREMOSO LA PAULINA X 450G La Paulina Código : 479301 QUESO CREMOSO LA PAULINA X 450G $ 5 . 867 , 55 ＋ － Agregar Agregar a mi lista Comparte Precio sin impuestos Nac. $ 4.849,21 Descripción Datos Técnicos Descripción del producto QUESO CREMOSO LA PAULINA X 450G ¡Suscribite a nuestro newsletter! Recibí las ofertas y novedades en tu buzón. Suscribirme Seguridad y confianza © Libertad 2023. Todos los derechos reservados. Términos y Condiciones Direcciôn General de Defensa y protecciôn al Consumidor, para consultas y/o denuncias ingrese aquí Términos más buscados 1. leche 2. cerveza 3. aceite 4. yerba 5. cafe 6. pañales 7. queso 8. arroz 9. fideos 10. fernet",,5,,,,unknown,
<,"< 🌼🌻​🌷​​ DALE VIDA A TU JARDIN 🌷🌻​🌼​ Estás comprando en: CÓRDOBA - Hipermercado Lugones ¿Qué producto buscas? Iniciar sesión Categorias Tecnología Electrodomésticos Hogar Bebidas Almacén Lácteos Quesos y fiambres Carnes Frutas y Verduras Congelados Pastas frescas y tapas Taeq Limpieza Perfumería Bebés y Niños Vehículos Mascotas Aire Libre y Jardín Librería Deportes No encontramos lo que buscabas Ir a la Home ¿Qué podés hacer? Probá escribirlo de otra manera Podrás encontrar productos similares a través del buscador. Probablemente no tengamos stock del producto en esta sucursal, probá colocando otra tienda en el selector. Buscá utilizar sinónimos al término deseado. Si no estás seguro de cómo llegaste aquí, visitá nuestra home. ¡Suscribite a nuestro newsletter! Recibí las ofertas y novedades en tu buzón. Suscribirme Seguridad y confianza © Libertad 2023. Todos los derechos reservados. Términos y Condiciones Direcciôn General de Defensa y protecciôn al Consumidor, para consultas y/o denuncias ingrese aquí Términos más buscados 1. leche 2. cerveza 3. aceite 4. yerba 5. cafe 6. pañales 7. queso 8. arroz 9. fideos 10. fernet",,,,,,unknown,
<,"< 🌼🌻​🌷​​ DALE VIDA A TU JARDIN 🌷🌻​🌼​ Estás comprando en: CÓRDOBA - Hipermercado Lugones ¿Qué producto buscas? Iniciar sesión Categorias Tecnología Electrodomésticos Hogar Bebidas Almacén Lácteos Quesos y fiambres Carnes Frutas y Verduras Congelados Pastas frescas y tapas Taeq Limpieza Perfumería Bebés y Niños Vehículos Mascotas Aire Libre y Jardín Librería Deportes Quesos y fiambres Quesos Quesos semiduros QUESO TYBO MANFREY X 250 GR Manfrey Código : 479537 QUESO TYBO MANFREY X 250 GR $ 3 . 497 , 50 ＋ － Agregar Agregar a mi lista Comparte Precio sin impuestos Nac. $ 2.890,50 Descripción Datos Técnicos Descripción del producto QUESO TYBO MANFREY X 250 GR ¡Suscribite a nuestro newsletter! Recibí las ofertas y novedades en tu buzón. Suscribirme Seguridad y confianza © Libertad 2023. Todos los derechos reservados. Términos y Condiciones Direcciôn General de Defensa y protecciôn al Consumidor, para consultas y/o denuncias ingrese aquí Términos más buscados 1. leche 2. cerveza 3. aceite 4. yerba 5. cafe 6. pañales 7. queso 8. arroz 9. fideos 10. fernet",,3,,,,unknown,
<,"< 🌼🌻​🌷​​ DALE VIDA A TU JARDIN 🌷🌻​🌼​ 🍪​​ LAS MEJORES OFERTAS PARA TU DESAYUNO ​ 🍪 Estás comprando en: CÓRDOBA - Hipermercado Lugones ¿Qué producto buscas? Iniciar sesión Categorias Tecnología Electrodomésticos Hogar Bebidas Almacén Lácteos Quesos y fiambres Carnes Frutas y Verduras Congelados Pastas frescas y tapas Taeq Limpieza Perfumería Bebés y Niños Vehículos Mascotas Aire Libre y Jardín Librería Deportes Quesos y fiambres Quesos Quesos semiduros QUESO MOZZARELLA DO�A AURORA X 250 G. Doña Aurora Código : 420035 QUESO MOZZARELLA DO�A AURORA X 250 G. $ 3 . 741 , 00 ＋ － Agregar Agregar a mi lista Comparte Precio sin impuestos Nac. $ 3.091,74 Descripción Datos Técnicos Descripción del producto QUESO MOZZARELLA DO�A AURORA X 250 G. ¡Suscribite a nuestro newsletter! Recibí las ofertas y novedades en tu buzón. Suscribirme Seguridad y confianza © Libertad 2023. Todos los derechos reservados. Términos y Condiciones Direcciôn General de Defensa y protecciôn al Consumidor, para consultas y/o denuncias ingrese aquí Términos más buscados 1. leche 2. cerveza 3. aceite 4. yerba 5. cafe 6. pañales 7. queso 8. arroz 9. fideos 10. fernet",,3,,,,unknown,
<,"< 🌼🌻​🌷​​ DALE VIDA A TU JARDIN 🌷🌻​🌼​ 🍪​​ LAS MEJORES OFERTAS PARA TU DESAYUNO ​ 🍪 Estás comprando en: CÓRDOBA - Hipermercado Lugones ¿Qué producto buscas? Iniciar sesión Categorias Tecnología Electrodomésticos Hogar Bebidas Almacén Lácteos Quesos y fiambres Carnes Frutas y Verduras Congelados Pastas frescas y tapas Taeq Limpieza Perfumería Bebés y Niños Vehículos Mascotas Aire Libre y Jardín Librería Deportes Bebidas GASEOSAS COLA Gaseosa Coca-Cola Sabor Original 1,5 Lt Coca Cola Código : 73311 Gaseosa Coca-Cola Sabor Original 1,5 Lt $ 3 . 090 , 00 ＋ － Agregar Agregar a mi lista Comparte Precio sin impuestos Nac. $ 2.553,72 Descripción Datos Técnicos Descripción del producto Nada supera el sabor de una Coca-Cola. Diseñado para acompañar cada momento, el sabor de la Coca-Cola es un clásico que perdura desde hace más de 130 años. Deliciosa y refrescante. ¡Suscribite a nuestro newsletter! Recibí las ofertas y novedades en tu buzón. Suscribirme Seguridad y confianza © Libertad 2023. Todos los derechos reservados. Términos y Condiciones Direcciôn General de Defensa y protecciôn al Consumidor, para consultas y/o denuncias ingrese aquí Términos más buscados 1. leche 2. cerveza 3. aceite 4. yerba 5. cafe 6. pañales 7. queso 8. arroz 9. fideos 10. fernet",,3,,,,unknown,
<,"< 🌼🌻​🌷​​ DALE VIDA A TU JARDIN 🌷🌻​🌼​ Estás comprando en: CÓRDOBA - Hipermercado Lugones ¿Qué producto buscas? Iniciar sesión Categorias Tecnología Electrodomésticos Hogar Bebidas Almacén Lácteos Quesos y fiambres Carnes Frutas y Verduras Congelados Pastas frescas y tapas Taeq Limpieza Perfumería Bebés y Niños Vehículos Mascotas Aire Libre y Jardín Librería Deportes Bebidas GASEOSAS COLA GASEOSA PEPSI 70KCAL 2000CC Pepsi Código : 526026 GASEOSA PEPSI 70KCAL 2000CC $ 3 . 200 , 00 $ 2 . 240 , 00 ＋ － Agregar Agregar a mi lista Comparte Precio sin impuestos Nac. $ 2.644,63 Descripción Datos Técnicos Descripción del producto GASEOSA PEPSI 70KCAL 2000CC ¡Suscribite a nuestro newsletter! Recibí las ofertas y novedades en tu buzón. Suscribirme Seguridad y confianza © Libertad 2023. Todos los derechos reservados. Términos y Condiciones Direcciôn General de Defensa y protecciôn al Consumidor, para consultas y/o denuncias ingrese aquí Términos más buscados 1. leche 2. cerveza 3. aceite 4. yerba 5. cafe 6. pañales 7. queso 8. arroz 9. fideos 10. fernet",,3,,,,unknown,
<,"< 🌼🌻​🌷​​ DALE VIDA A TU JARDIN 🌷🌻​🌼​ Estás comprando en: CÓRDOBA - Hipermercado Lugones ¿Qué producto buscas? Iniciar sesión Categorias Tecnología Electrodomésticos Hogar Bebidas Almacén Lácteos Quesos y fiambres Carnes Frutas y Verduras Congelados Pastas frescas y tapas Taeq Limpieza Perfumería Bebés y Niños Vehículos Mascotas Aire Libre y Jardín Librería Deportes Bebidas GASEOSAS LIMÓN Gaseosa Pritty Limón x 2.25 Lt Pritty Código : 73114 Gaseosa Pritty Limón x 2.25 Lt $ 2 . 300 , 00 $ 2 . 099 , 00 ＋ － Agregar Agregar a mi lista Comparte Precio sin impuestos Nac. $ 1.900,83 Descripción Datos Técnicos Descripción del producto Gaseosa Pritty Limón x 2.25 Lt ¡Suscribite a nuestro newsletter! Recibí las ofertas y novedades en tu buzón. Suscribirme Seguridad y confianza © Libertad 2023. Todos los derechos reservados. Términos y Condiciones Direcciôn General de Defensa y protecciôn al Consumidor, para consultas y/o denuncias ingrese aquí Términos más buscados 1. leche 2. cerveza 3. aceite 4. yerba 5. cafe 6. pañales 7. queso 8. arroz 9. fideos 10. fernet",,2,,,,unknown,
¡Nueva tarjeta de crédito HEB Afirme!,"¡Nueva tarjeta de crédito HEB Afirme! Consigue la tuya aquí Elige método de entrega Buscar productos Mis listas Mis pedidos Iniciar sesión $0 Pasillos Promociones exclusivas con Nuevos Productos Vive Saludable Mascotas Exclusivos en línea Live Promociones Café Café Soluble Café Monky Cafe Monky Soluble 100 g Café Monky Cafe Monky Soluble 100 g ☆ ☆ ☆ ☆ ☆ (0) Por favor, inicia sesión para escribir un comentario. CAFÉ MONKY Referencia : 36362 $71.00 . ＋ － Agregar Promociones bancarias Obtén un 5% de cashback en todas tus compras en heb.com.mx y nuestra app con la tarjeta de crédito HEB Afirme . Solicítala aquí Métodos de entrega Pick&Go Delivery Compartir Lo que no sabías que te faltaba... Concha Infantil Blanca 1 pz HEB $8.00 ＋ － Agregar HEB Pastel Tres Leches Coco Limón 1 kg HEB $173.00 /kg ＋ － Cambiar a Kg Cambiar a Pz Agregar Polvoron Amarillo 1 Pc HEB $12.00 ＋ － Agregar Pan Surtido Bizcocho y Danes 12 pz $104.00 ＋ － Agregar Pastel Hawaii 1 pz HEB $268.00 ＋ － Agregar Rebanada Flan 1 pz HEB $58.00 ＋ － Agregar Mini Conchas con 12 pz HEB $94.00 ＋ － Agregar Concha Infantil Blanca 1 pz HEB $8.00 ＋ － Agregar HEB Pastel Tres Leches Coco Limón 1 kg HEB $173.00 /kg ＋ － Cambiar a Kg Cambiar a Pz Agregar Polvoron Amarillo 1 Pc HEB $12.00 ＋ － Agregar Pan Surtido Bizcocho y Danes 12 pz $104.00 ＋ － Agregar Pastel Hawaii 1 pz HEB $268.00 ＋ － Agregar Rebanada Flan 1 pz HEB $58.00 ＋ － Agregar Mini Conchas con 12 pz HEB $94.00 ＋ － Agregar Concha Infantil Blanca 1 pz HEB $8.00 ＋ － Agregar HEB Pastel Tres Leches Coco Limón 1 kg HEB $173.00 /kg ＋ － Cambiar a Kg Cambiar a Pz Agregar Polvoron Amarillo 1 Pc HEB $12.00 ＋ － Agregar Reseñas Comentarios ☆ ☆ ☆ ☆ ☆ 0 Calificación promedio (0 comentarios) Por favor, inicia sesión para escribir un comentario. Más reciente Ordenar por: Más reciente Más antiguo Calificación más alta Calificación más baja Todos Filtrar por: Todos 1 estrella 2 estrellas 3 estrellas 4 estrellas 5 estrellas No hay comentarios. Suscríbete a nuestro Newsletter y entérate",,0,,,,unknown,
<,"< 🌼🌻​🌷​​ DALE VIDA A TU JARDIN 🌷🌻​🌼​ Estás comprando en: CÓRDOBA - Hipermercado Lugones ¿Qué producto buscas? Iniciar sesión Categorias Tecnología Electrodomésticos Hogar Bebidas Almacén Lácteos Quesos y fiambres Carnes Frutas y Verduras Congelados Pastas frescas y tapas Taeq Limpieza Perfumería Bebés y Niños Vehículos Mascotas Aire Libre y Jardín Librería Deportes No encontramos lo que buscabas Ir a la Home ¿Qué podés hacer? Probá escribirlo de otra manera Podrás encontrar productos similares a través del buscador. Probablemente no tengamos stock del producto en esta sucursal, probá colocando otra tienda en el selector. Buscá utilizar sinónimos al término deseado. Si no estás seguro de cómo llegaste aquí, visitá nuestra home. ¡Suscribite a nuestro newsletter! Recibí las ofertas y novedades en tu buzón. Suscribirme Seguridad y confianza © Libertad 2023. Todos los derechos reservados. Términos y Condiciones Direcciôn General de Defensa y protecciôn al Consumidor, para consultas y/o denuncias ingrese aquí Términos más buscados 1. leche 2. cerveza 3. aceite 4. yerba 5. cafe 6. pañales 7. queso 8. arroz 9. fideos 10. fernet",,,,,,unknown,
<,"< 🌼🌻​🌷​​ DALE VIDA A TU JARDIN 🌷🌻​🌼​ Estás comprando en: CÓRDOBA - Hipermercado Lugones ¿Qué producto buscas? Iniciar sesión Categorias Tecnología Electrodomésticos Hogar Bebidas Almacén Lácteos Quesos y fiambres Carnes Frutas y Verduras Congelados Pastas frescas y tapas Taeq Limpieza Perfumería Bebés y Niños Vehículos Mascotas Aire Libre y Jardín Librería Deportes Bebidas GASEOSAS LIMÓN GASEOSA CRUSH LIMA LIMON X 2.25 L. Crush Código : 73686 GASEOSA CRUSH LIMA LIMON X 2.25 L. $ 2 . 190 , 00 ＋ － Agregar Agregar a mi lista Comparte Precio sin impuestos Nac. $ 1.809,92 Descripción Datos Técnicos Descripción del producto GASEOSA CRUSH LIMA LIMON X 2.25 L. ¡Suscribite a nuestro newsletter! Recibí las ofertas y novedades en tu buzón. Suscribirme Seguridad y confianza © Libertad 2023. Todos los derechos reservados. Términos y Condiciones Direcciôn General de Defensa y protecciôn al Consumidor, para consultas y/o denuncias ingrese aquí Términos más buscados 1. leche 2. cerveza 3. aceite 4. yerba 5. cafe 6. pañales 7. queso 8. arroz 9. fideos 10. fernet",,2,,,,unknown,
<,"< 🌼🌻​🌷​​ DALE VIDA A TU JARDIN 🌷🌻​🌼​ 🍪​​ LAS MEJORES OFERTAS PARA TU DESAYUNO ​ 🍪 Estás comprando en: CÓRDOBA - Hipermercado Lugones ¿Qué producto buscas? Iniciar sesión Categorias Tecnología Electrodomésticos Hogar Bebidas Almacén Lácteos Quesos y fiambres Carnes Frutas y Verduras Congelados Pastas frescas y tapas Taeq Limpieza Perfumería Bebés y Niños Vehículos Mascotas Aire Libre y Jardín Librería Deportes Frutas y Verduras Verduras Verduras sueltas PAPA CEPILLADA X 1 KG21 ECOMM Frescos Código : 471921 PAPA CEPILLADA X 1 KG21 ECOMM $ 999 , 00 $ 500 , 00 ＋ － Agregar Agregar a mi lista Comparte Precio sin impuestos Nac. $ 904,07 Descripción Datos Técnicos Descripción del producto PAPA CEPILLADA X 1 KG21 ECOMM ¡Suscribite a nuestro newsletter! Recibí las ofertas y novedades en tu buzón. Suscribirme Seguridad y confianza © Libertad 2023. Todos los derechos reservados. Términos y Condiciones Direcciôn General de Defensa y protecciôn al Consumidor, para consultas y/o denuncias ingrese aquí Términos más buscados 1. leche 2. cerveza 3. aceite 4. yerba 5. cafe 6. pañales 7. queso 8. arroz 9. fideos 10. fernet",,999,,,,unknown,
<,"< 🌼🌻​🌷​​ DALE VIDA A TU JARDIN 🌷🌻​🌼​ 🍪​​ LAS MEJORES OFERTAS PARA TU DESAYUNO ​ 🍪 Estás comprando en: CÓRDOBA - Hipermercado Lugones ¿Qué producto buscas? Iniciar sesión Categorias Tecnología Electrodomésticos Hogar Bebidas Almacén Lácteos Quesos y fiambres Carnes Frutas y Verduras Congelados Pastas frescas y tapas Taeq Limpieza Perfumería Bebés y Niños Vehículos Mascotas Aire Libre y Jardín Librería Deportes Congelados Papas congeladas PAPA MCCAIN NOISETTE 600G. McCain Código : 520798 PAPA MCCAIN NOISETTE 600G. $ 7 . 769 , 00 ＋ － Agregar Agregar a mi lista Comparte Precio sin impuestos Nac. $ 6.420,66 Descripción Datos Técnicos Descripción del producto PAPA MCCAIN NOISETTE 600G. ¡Suscribite a nuestro newsletter! Recibí las ofertas y novedades en tu buzón. Suscribirme Seguridad y confianza © Libertad 2023. Todos los derechos reservados. Términos y Condiciones Direcciôn General de Defensa y protecciôn al Consumidor, para consultas y/o denuncias ingrese aquí Términos más buscados 1. leche 2. cerveza 3. aceite 4. yerba 5. cafe 6. pañales 7. queso 8. arroz 9. fideos 10. fernet",,7,,,,unknown,
<,"< 🌼🌻​🌷​​ DALE VIDA A TU JARDIN 🌷🌻​🌼​ 🍪​​ LAS MEJORES OFERTAS PARA TU DESAYUNO ​ 🍪 Estás comprando en: CÓRDOBA - Hipermercado Lugones ¿Qué producto buscas? Iniciar sesión Categorias Tecnología Electrodomésticos Hogar Bebidas Almacén Lácteos Quesos y fiambres Carnes Frutas y Verduras Congelados Pastas frescas y tapas Taeq Limpieza Perfumería Bebés y Niños Vehículos Mascotas Aire Libre y Jardín Librería Deportes Frutas y Verduras Verduras Verduras sueltas TOMATE REDONDO X 500G ECOMM Frescos Código : 464472 TOMATE REDONDO X 500G ECOMM $ 2 . 495 , 00 ＋ － Agregar Agregar a mi lista Comparte Precio sin impuestos Nac. $ 2.257,92 Descripción Datos Técnicos Descripción del producto TOMATE REDONDO X 500G ECOMM ¡Suscribite a nuestro newsletter! Recibí las ofertas y novedades en tu buzón. Suscribirme Seguridad y confianza © Libertad 2023. Todos los derechos reservados. Términos y Condiciones Direcciôn General de Defensa y protecciôn al Consumidor, para consultas y/o denuncias ingrese aquí Términos más buscados 1. leche 2. cerveza 3. aceite 4. yerba 5. cafe 6. pañales 7. queso 8. arroz 9. fideos 10. fernet",,2,,,,unknown,
(Und a $ 750),"(Und a $ 750) $ 24.500 $ 22.500 Llévalo con 3.214 Puntos Colombia Vendido por: Exito Imágenes de referencia. Sólo se vende el producto de la descripción. Ver detalles del producto Condiciones de entrega: Enviado por: Exito Disponible para: Compra y recoge Agregar Información adicional Gana puntos Colombia Más opciones Huevos AAA KIKES rojo pet (15 und) (Und a $ 1.033) $ 15.500 Vendido por: Exito Agregar Huevos AA KIKES rojo pet (12 und) (Und a $ 875) $ 10.500 Vendido por: Exito Agregar Huevos AAA KIKES rojo pasteurizados (12 und) (Und a $ 991) $ 11.900 Vendido por: Exito Agregar Huevos AA KIKES rojo pet (30 und) ( Und a $ 750 ) $ 24.500 $ 22.500 Agregar Detalles del producto Tipo de Huevo Huevo rojo Referencia SIN REF Tamaño del huevo AA Manejo de cookies Al continuar navegando por el sitio web, aceptas el uso de cookies propias y de terceros con el fin de identificar tus patrones de navegación, realizar personalizaciones de contenido y mostrarte publicidad de acuerdo a tus preferencias. Para conocer más, accede a nuestra política de cookies . Acepto",,750,,,,unknown,
(Und a $ 850),"(Und a $ 850) $ 25.500 Llévalo con 3.643 Puntos Colombia Vendido por: Exito Imágenes de referencia. Sólo se vende el producto de la descripción. Ver detalles del producto Condiciones de entrega: Enviado por: Exito Disponible para: Compra y recoge Agregar Información adicional Gana puntos Colombia Más opciones Huevos AAA SANTA REYES rojo (20 und) (Und a $ 1.145) $ 22.900 Vendido por: Exito Agregar Huevos AA SANTA REYES blanco (30 und) (Und a $ 863) $ 25.900 Vendido por: Exito Agregar Huevos A y AA SANTA REYES kosher rojo (24 und) (Und a $ 1.060) $ 25.450 Vendido por: Exito Agregar Huevos AA SANTA REYES rojo (12 und) (Und a $ 1.008) $ 12.100 Vendido por: Exito Agregar Huevos A SANTA REYES rojo (6 und) (Und a $ 933) $ 5.600 Vendido por: Exito Agregar Huevos AA SANTA REYES blanco (12 und) (Und a $ 991) $ 11.900 Vendido por: Exito Agregar Huevos A SANTA REYES rojo (30 und) (Und a $ 840) $ 25.200 Vendido por: Exito Agregar Huevos A y AA SANTA REYES rojo santa reyecitos (21 und) (Und a $ 1.057) $ 22.200 Vendido por: Exito Agregar Huevos A SANTA REYES rojo (12 und) (Und a $ 908) $ 10.900 Vendido por: Exito Agregar Huevos AA SANTA REYES rojo (30 und) ( Und a $ 850 ) $ 25.500 Agregar Detalles del producto Tipo de Huevo Huevo rojo Referencia SIN REF Tamaño del huevo AA Clase Rojo Número de Piezas 1 Manejo de cookies Al continuar navegando por el sitio web, aceptas el uso de cookies propias y de terceros con el fin de identificar tus patrones de navegación, realizar personalizaciones de contenido y mostrarte publicidad de acuerdo a tus preferencias. Para conocer más, accede a nuestra política de cookies . Acepto",,850,,,,unknown,
Se interrumpió la conexión,Se interrumpió la conexión Se detectó un cambio de red. ERR_NETWORK_CHANGED Volver a cargar Se detectó un cambio de red.,,,,,,unknown,
(Und a $ 796),"(Und a $ 796) $ 23.900 Llévalo con 3.414 Puntos Colombia Vendido por: Exito Imágenes de referencia. Sólo se vende el producto de la descripción. Ver detalles del producto Condiciones de entrega: Enviado por: Exito Disponible para: Compra y recoge Agregar Información adicional Gana puntos Colombia Más opciones Huevos AAA HUEVOS ORO Plus (30 und) (Und a $ 896) $ 26.900 Vendido por: Exito Agregar Huevos A y AA HUEVOS ORO rojo kosher gallinas libres (30 und) (Und a $ 863) $ 25.900 Vendido por: Exito Agregar Huevos AA HUEVOS ORO rosado (12 und) (Und a $ 875) $ 10.500 Vendido por: Exito Agregar Huevos AA HUEVOS ORO rojo campesino (30 und) ( Und a $ 796 ) $ 23.900 Agregar Detalles del producto Tipo de Huevo Huevo rojo Referencia SIN REF Tamaño del huevo AA Manejo de cookies Al continuar navegando por el sitio web, aceptas el uso de cookies propias y de terceros con el fin de identificar tus patrones de navegación, realizar personalizaciones de contenido y mostrarte publicidad de acuerdo a tus preferencias. Para conocer más, accede a nuestra política de cookies . Acepto",,796,,,,unknown,
(Und a $ 1.231),"(Und a $ 1.231) $ 39.400 Llévalo con 5.629 Puntos Colombia Vendido por: Exito Imágenes de referencia. Sólo se vende el producto de la descripción. Ver detalles del producto Condiciones de entrega: Enviado por: Exito Disponible para: Compra y recoge Agregar Información adicional Gana puntos Colombia Huevos AA GALLINA FELIZ rojo (32 und) ( Und a $ 1.231 ) $ 39.400 Agregar Detalles del producto Tipo de Huevo Huevo rojo Referencia CAJAX32 Tamaño del huevo AA Número de Piezas 1 Manejo de cookies Al continuar navegando por el sitio web, aceptas el uso de cookies propias y de terceros con el fin de identificar tus patrones de navegación, realizar personalizaciones de contenido y mostrarte publicidad de acuerdo a tus preferencias. Para conocer más, accede a nuestra política de cookies . Acepto",,1231,,,,unknown,
¡Nueva tarjeta de crédito HEB Afirme!,"¡Nueva tarjeta de crédito HEB Afirme! Consigue la tuya aquí Elige método de entrega Buscar productos Mis listas Mis pedidos Iniciar sesión $0 Pasillos Promociones exclusivas con Nuevos Productos Vive Saludable Mascotas Exclusivos en línea Live Promociones Café Café Soluble Moretto Puro 180 Gr 180 Gr Café Soluble Moretto Puro 180 Gr 180 Gr ☆ ☆ ☆ ☆ ☆ (0) Por favor, inicia sesión para escribir un comentario. MORETTO Referencia : 867257 $140.00 . ＋ － Agregar Promociones bancarias Obtén un 5% de cashback en todas tus compras en heb.com.mx y nuestra app con la tarjeta de crédito HEB Afirme . Solicítala aquí Métodos de entrega Pick&Go Delivery Compartir Reseñas Comentarios ☆ ☆ ☆ ☆ ☆ 0 Calificación promedio (0 comentarios) Por favor, inicia sesión para escribir un comentario. Más reciente Ordenar por: Más reciente Más antiguo Calificación más alta Calificación más baja Todos Filtrar por: Todos 1 estrella 2 estrellas 3 estrellas 4 estrellas 5 estrellas No hay comentarios. Suscríbete a nuestro Newsletter y entérate de las ofertas y lanzamientos. Suscríbete a nuestro Newsletter y entérate de las ofertas y lanzamientos. Suscríbete Aviso de Privacidad | Términos y Condiciones | Politica de Devoluciones | Términos y Condiciones: Cupones y Promociones | Promociones Bancarias © 2024 H-E-B México - TODOS LOS DERECHOS RESERVADOS",,0,,,,unknown,
Se interrumpió la conexión,Se interrumpió la conexión Se detectó un cambio de red. ERR_NETWORK_CHANGED Volver a cargar Se detectó un cambio de red.,,,,,,unknown,
(Gr a $ 4),"(Gr a $ 4) $ 5.070 $ 4.870 Llévalo con 696 Puntos Colombia Vendido por: Exito Imágenes de referencia. Sólo se vende el producto de la descripción. Ver detalles del producto Condiciones de entrega: Enviado por: Exito Disponible para: Compra y recoge Agregar Información adicional Gana puntos Colombia Arroz ROA blanco fortiplus (1000 gr) ( Gr a $ 4 ) $ 5.070 $ 4.870 Agregar Detalles del producto Referencia 715788 Tipo de Producto Arroz Tipo de Arroz Blanco Tamaño PEQUENO Número de Piezas 1 Manejo de cookies Al continuar navegando por el sitio web, aceptas el uso de cookies propias y de terceros con el fin de identificar tus patrones de navegación, realizar personalizaciones de contenido y mostrarte publicidad de acuerdo a tus preferencias. Para conocer más, accede a nuestra política de cookies . Acepto",,4,,,,unknown,
(Gr a $ 4),"(Gr a $ 4) $ 4.680 $ 4.590 Llévalo con 656 Puntos Colombia Vendido por: Exito Imágenes de referencia. Sólo se vende el producto de la descripción. Ver detalles del producto Condiciones de entrega: Enviado por: Exito Disponible para: Compra y recoge Agregar Información adicional Gana puntos Colombia Arroz FLOR HUILA blanco (1000 gr) ( Gr a $ 4 ) $ 4.680 $ 4.590 Agregar Detalles del producto Referencia 796712 Tipo de Producto Arroz Tipo de Arroz Blanco Número de Piezas 1 Ver todo Manejo de cookies Al continuar navegando por el sitio web, aceptas el uso de cookies propias y de terceros con el fin de identificar tus patrones de navegación, realizar personalizaciones de contenido y mostrarte publicidad de acuerdo a tus preferencias. Para conocer más, accede a nuestra política de cookies . Acepto",,4,,,,unknown,
(Gr a $ 4),"(Gr a $ 4) $ 4.460 Llévalo con 637 Puntos Colombia Vendido por: Exito Imágenes de referencia. Sólo se vende el producto de la descripción. Ver detalles del producto Condiciones de entrega: Enviado por: Exito Disponible para: Compra y recoge Agregar Información adicional Gana puntos Colombia Arroz SONORA blanco (1000 gr) ( Gr a $ 4 ) $ 4.460 Agregar Detalles del producto Referencia 862930 Tipo de Producto Arroz Tipo de Arroz Blanco Tamaño PEQUENO Número de Piezas 1 Manejo de cookies Al continuar navegando por el sitio web, aceptas el uso de cookies propias y de terceros con el fin de identificar tus patrones de navegación, realizar personalizaciones de contenido y mostrarte publicidad de acuerdo a tus preferencias. Para conocer más, accede a nuestra política de cookies . Acepto",,4,,,,unknown,
(Gr a $ 4),"(Gr a $ 4) $ 10.650 $ 10.250 Llévalo con 1.464 Puntos Colombia Vendido por: Exito ¡Últimas 10 unidades! Imágenes de referencia. Sólo se vende el producto de la descripción. Ver detalles del producto Condiciones de entrega: Enviado por: Exito Disponible para: Compra y recoge Agregar Información adicional Gana puntos Colombia Arroz GOLONDRINA blanco (2500 gr) ( Gr a $ 4 ) $ 10.650 $ 10.250 Agregar Detalles del producto Referencia 3555441 Ingredientes 100% arroz blanco Manejo de cookies Al continuar navegando por el sitio web, aceptas el uso de cookies propias y de terceros con el fin de identificar tus patrones de navegación, realizar personalizaciones de contenido y mostrarte publicidad de acuerdo a tus preferencias. Para conocer más, accede a nuestra política de cookies . Acepto",,4,,,,unknown,
(Gr a $ 5),"(Gr a $ 5) - 20 % $ 18.000 $ 14.400 Llévalo con 2.057 Puntos Colombia Vendido por: Exito Imágenes de referencia. Sólo se vende el producto de la descripción. Ver detalles del producto Condiciones de entrega: Enviado por: Exito Disponible para: Compra y recoge Agregar Información adicional Gana puntos Colombia Arroz FEDERAL premium alto rendimiento (2500 gr) ( Gr a $ 5 ) - 20 % $ 18.000 $ 14.400 Agregar Detalles del producto Referencia 1739434 Número de Piezas 0 Manejo de cookies Al continuar navegando por el sitio web, aceptas el uso de cookies propias y de terceros con el fin de identificar tus patrones de navegación, realizar personalizaciones de contenido y mostrarte publicidad de acuerdo a tus preferencias. Para conocer más, accede a nuestra política de cookies . Acepto",,5,,,,unknown,
(Gr a $ 10),"(Gr a $ 10) $ 8.650 $ 7.980 Llévalo con 1.140 Puntos Colombia Vendido por: Exito Imágenes de referencia. Sólo se vende el producto de la descripción. Ver detalles del producto Condiciones de entrega: Enviado por: Exito Disponible para: Compra y recoge Agregar Información adicional Gana puntos Colombia Pan tajado BIMBO blanco suave esponjoso (730 gr) ( Gr a $ 10 ) $ 8.650 $ 7.980 Agregar Detalles del producto Referencia 3663322 Conservacion EN UN LUGAR FRESCO Y SECO. Grasa saturada (por porción) 0.2 g Ingredientes HARINA DE TRIGO FORTIFICADA, AGUA, AZÚCAR, LEVADURA, GLUTEN DE TRIGO, LECHE EN POLVO1.1%, MEZCLA DE ACEITES Y GRSAS VEGETALES. País de Origen Colombia Alérgenos GLUTEN Y LECHE Manejo de cookies Al continuar navegando por el sitio web, aceptas el uso de cookies propias y de terceros con el fin de identificar tus patrones de navegación, realizar personalizaciones de contenido y mostrarte publicidad de acuerdo a tus preferencias. Para conocer más, accede a nuestra política de cookies . Acepto",,10,,,,unknown,
(Gr a $ 10),"(Gr a $ 10) - 20 % $ 7.140 $ 5.680 Llévalo con 811 Puntos Colombia Vendido por: Exito ¡Últimas 10 unidades! Imágenes de referencia. Sólo se vende el producto de la descripción. Ver detalles del producto Condiciones de entrega: Enviado por: Exito Disponible para: Compra y recoge Agregar Información adicional Gana puntos Colombia Pan COMAPAN Tajado Extralargo (520 gr) ( Gr a $ 10 ) - 20 % $ 7.140 $ 5.680 Agregar Detalles del producto Referencia 480G Tipo de Producto Pan Tajado Número de Piezas 1 Manejo de cookies Al continuar navegando por el sitio web, aceptas el uso de cookies propias y de terceros con el fin de identificar tus patrones de navegación, realizar personalizaciones de contenido y mostrarte publicidad de acuerdo a tus preferencias. Para conocer más, accede a nuestra política de cookies . Acepto",,10,,,,unknown,
(Gr a $ 21),"(Gr a $ 21) $ 10.550 Llévalo con 1.507 Puntos Colombia Vendido por: Exito Imágenes de referencia. Sólo se vende el producto de la descripción. Ver detalles del producto Condiciones de entrega: Enviado por: Exito Disponible para: Compra y recoge Agregar Información adicional Gana puntos Colombia Pan Tajado Bimbo VITAL 100% Natural Semillas (500 gr) ( Gr a $ 21 ) $ 10.550 Agregar Detalles del producto Referencia 23900 Tipo de Producto Pan Tajado Bueno Para Ti Si Número de Piezas 1 Manejo de cookies Al continuar navegando por el sitio web, aceptas el uso de cookies propias y de terceros con el fin de identificar tus patrones de navegación, realizar personalizaciones de contenido y mostrarte publicidad de acuerdo a tus preferencias. Para conocer más, accede a nuestra política de cookies . Acepto",,21,,,,unknown,
(Gr a $ 29),"(Gr a $ 29) $ 13.450 Llévalo con 1.921 Puntos Colombia Vendido por: Exito Imágenes de referencia. Sólo se vende el producto de la descripción. Ver detalles del producto Condiciones de entrega: Enviado por: Exito Disponible para: Compra y recoge Agregar Información adicional Gana puntos Colombia Pan de sagu sin gluten MAUKA SNACKS 450 gr ( Gr a $ 29 ) $ 13.450 Agregar Detalles del producto Referencia SIN REF Tipo de Producto Pan Tajado Número de Piezas 0 Manejo de cookies Al continuar navegando por el sitio web, aceptas el uso de cookies propias y de terceros con el fin de identificar tus patrones de navegación, realizar personalizaciones de contenido y mostrarte publicidad de acuerdo a tus preferencias. Para conocer más, accede a nuestra política de cookies . Acepto",,29,,,,unknown,
No se puede acceder a este sitio,No se puede acceder a este sitio Es posible que la página web en https://www.heb.com.mx/cafe-cafe-oaxaca-340-gr-813996/p no funcione temporalmente o se haya trasladado de manera permanente a una nueva dirección web. ERR_FAILED Es posible que la página web en https://www.heb.com.mx/cafe-cafe-oaxaca-340-gr-813996/p no funcione temporalmente o se haya trasladado de manera permanente a una nueva dirección web.,,,,,,unknown,
(Gr a $ 10),"(Gr a $ 10) - 20 % $ 7.330 $ 5.864 Llévalo con 838 Puntos Colombia Vendido por: Exito Imágenes de referencia. Sólo se vende el producto de la descripción. Ver detalles del producto Condiciones de entrega: Enviado por: Exito Disponible para: Compra y recoge Agregar Información adicional Gana puntos Colombia Pan SANTA CLARA Pullman Extralargo (550 gr) ( Gr a $ 10 ) - 20 % $ 7.330 $ 5.864 Agregar Detalles del producto Referencia SIN REFER Número de Piezas 1 Manejo de cookies Al continuar navegando por el sitio web, aceptas el uso de cookies propias y de terceros con el fin de identificar tus patrones de navegación, realizar personalizaciones de contenido y mostrarte publicidad de acuerdo a tus preferencias. Para conocer más, accede a nuestra política de cookies . Acepto",,10,,,,unknown,
Producto no disponible,"Producto no disponible Este producto no está disponible en este momento. Déjanos tu correo y te avisaremos cuando esté disponible Enviar Pan tajado EXITO MARCA PROPIA mantequilla (550 gr) $ 0 Agregar Manejo de cookies Al continuar navegando por el sitio web, aceptas el uso de cookies propias y de terceros con el fin de identificar tus patrones de navegación, realizar personalizaciones de contenido y mostrarte publicidad de acuerdo a tus preferencias. Para conocer más, accede a nuestra política de cookies . Acepto",,0,,,,unknown,
(Ml a $ 4),"(Ml a $ 4) - 25 % $ 37.550 $ 27.880 Llévalo con 3.983 Puntos Colombia Vendido por: Exito Imágenes de referencia. Sólo se vende el producto de la descripción. Ver detalles del producto Condiciones de entrega: Enviado por: Exito Disponible para: Compra y recoge Agregar Información adicional Gana puntos Colombia Leche deslactosada ALPINA bolsa x6und 1100ml (6600 ml) ( Ml a $ 4 ) - 25 % $ 37.550 $ 27.880 Agregar Detalles del producto Tipo de leche LIQUIDA DESLACTOSADA Referencia 576258 Bueno Para Ti Si Número de Piezas 1 Manejo de cookies Al continuar navegando por el sitio web, aceptas el uso de cookies propias y de terceros con el fin de identificar tus patrones de navegación, realizar personalizaciones de contenido y mostrarte publicidad de acuerdo a tus preferencias. Para conocer más, accede a nuestra política de cookies . Acepto",,4,,,,unknown,
(Ml a $ 4),"(Ml a $ 4) $ 30.350 $ 27.800 Llévalo con 3.971 Puntos Colombia Vendido por: Exito Imágenes de referencia. Sólo se vende el producto de la descripción. Ver detalles del producto Condiciones de entrega: Enviado por: Exito Disponible para: Compra y recoge Agregar Información adicional Gana puntos Colombia Más opciones Leche deslactosada COLANTA x6und (6000 ml) (Ml a $ 3) - 20 % $ 29.300 $ 23.440 Vendido por: Exito Agregar Leche COLANTA entera x6und (6600 ml) (Ml a $ 3) - 22 % $ 32.200 $ 24.840 Vendido por: Exito Agregar Leche deslactosada COLANTA semidescremada en caja (1000 ml) (Ml a $ 5) - 10 % $ 6.590 $ 5.890 Vendido por: Exito Agregar Leche deslactosada COLANTA semidescremada en caja x6und (6000 ml) (Ml a $ 4) - 28 % $ 39.500 $ 28.240 Vendido por: Exito Agregar Leche COLANTA entera x3und (3000 ml) (Ml a $ 3) - 14 % $ 12.800 $ 10.900 Vendido por: Exito Agregar Leche COLANTA entera en caja x6und (6000 ml) (Ml a $ 5) $ 36.400 $ 35.300 Vendido por: Exito Agregar Leche deslactosada COLANTA x6und (6600 ml) (Ml a $ 5) $ 33.600 Vendido por: Exito Agregar Leche COLANTA entera en caja (1000 ml) (Ml a $ 6) $ 6.070 Vendido por: Exito Agregar Leche COLANTA entera pasteurizada (1000 ml) (Ml a $ 4) $ 4.440 $ 4.280 Vendido por: Exito Agregar Leche COLANTA uht entera (6000 ml) ( Ml a $ 4 ) $ 30.350 $ 27.800 Agregar Detalles del producto Tipo de leche Liquida Entera Referencia 3202769 País de Origen Colombia Número de Piezas 6 Fabricante COLANTA Manejo de cookies Al continuar navegando por el sitio web, aceptas el uso de cookies propias y de terceros con el fin de identificar tus patrones de navegación, realizar personalizaciones de contenido y mostrarte publicidad de acuerdo a tus preferencias. Para conocer más, accede a nuestra política de cookies . Acepto",,4,,,,unknown,
(Ml a $ 5),"(Ml a $ 5) $ 6.980 Llévalo con 997 Puntos Colombia Vendido por: Exito Imágenes de referencia. Sólo se vende el producto de la descripción. Ver detalles del producto Condiciones de entrega: Enviado por: Exito Disponible para: Compra y recoge Agregar Información adicional Gana puntos Colombia Leche sabor original ALQUERIA unidad (1300 ml) ( Ml a $ 5 ) $ 6.980 Agregar Detalles del producto Tipo de leche Liquida Semidescremada Referencia 3460617 Manejo de cookies Al continuar navegando por el sitio web, aceptas el uso de cookies propias y de terceros con el fin de identificar tus patrones de navegación, realizar personalizaciones de contenido y mostrarte publicidad de acuerdo a tus preferencias. Para conocer más, accede a nuestra política de cookies . Acepto",,5,,,,unknown,
(Ml a $ 3),"(Ml a $ 3) $ 17.040 Llévalo con 2.434 Puntos Colombia Vendido por: Exito Imágenes de referencia. Sólo se vende el producto de la descripción. Ver detalles del producto Condiciones de entrega: Enviado por: Exito Disponible para: Compra y recoge Agregar Información adicional Gana puntos Colombia Leche EXITO MARCA PROPIA entera x6und (5400 ml) ( Ml a $ 3 ) $ 17.040 Agregar Detalles del producto Tipo de leche Liquida Entera Referencia 3326794 Apto para Veganos No Ingredientes Leche entera homogenizada, estabilizante (tripolifosfato de sodio). Contiene lactosa. Puede contener trazas de gluten. Manejo de cookies Al continuar navegando por el sitio web, aceptas el uso de cookies propias y de terceros con el fin de identificar tus patrones de navegación, realizar personalizaciones de contenido y mostrarte publicidad de acuerdo a tus preferencias. Para conocer más, accede a nuestra política de cookies . Acepto",,3,,,,unknown,
(Und a $ 500),"(Und a $ 500) - 16 % $ 600 $ 500 Llévalo con 71 Puntos Colombia Vendido por: Exito Imágenes de referencia. Sólo se vende el producto de la descripción. Ver detalles del producto Condiciones de entrega: Enviado por: Exito Disponible para: Compra y recoge Agregar Información adicional Gana puntos Colombia Tomate Chonto 1 und ( Und a $ 500 ) - 16 % $ 600 $ 500 Agregar Detalles del producto Referencia SIN REFER Tipo de Producto Verduras Número de Piezas 1 Manejo de cookies Al continuar navegando por el sitio web, aceptas el uso de cookies propias y de terceros con el fin de identificar tus patrones de navegación, realizar personalizaciones de contenido y mostrarte publicidad de acuerdo a tus preferencias. Para conocer más, accede a nuestra política de cookies . Acepto",,500,,,,unknown,
(Gr a $ 2),"(Gr a $ 2) - 36 % $ 4.680 $ 2.980 Llévalo con 426 Puntos Colombia Vendido por: Exito Imágenes de referencia. Sólo se vende el producto de la descripción. Ver detalles del producto Condiciones de entrega: Enviado por: Exito Disponible para: Compra y recoge Agregar Información adicional Gana puntos Colombia Tomate Chonto Insuperable FRESCAMPO 1000 gr ( Gr a $ 2 ) - 36 % $ 4.680 $ 2.980 Agregar Detalles del producto Tipo de Verdura Tomates De Aliño Y Ensalada Referencia SIN REFER Tipo de Producto Verduras Clase Verduras En Fruto Número de Piezas 1 Manejo de cookies Al continuar navegando por el sitio web, aceptas el uso de cookies propias y de terceros con el fin de identificar tus patrones de navegación, realizar personalizaciones de contenido y mostrarte publicidad de acuerdo a tus preferencias. Para conocer más, accede a nuestra política de cookies . Acepto",,2,,,,unknown,
(Gr a $ 65),"(Gr a $ 65) $ 18.100 Llévalo con 2.586 Puntos Colombia Vendido por: Exito ¡Últimas 10 unidades! Imágenes de referencia. Sólo se vende el producto de la descripción. Ver detalles del producto Condiciones de entrega: Enviado por: Exito Disponible para: Compra y recoge Agregar Información adicional Gana puntos Colombia Tomate HUNTS Picado Con Orégano Y Albaca (275 gr) ( Gr a $ 65 ) $ 18.100 Agregar Detalles del producto Referencia SIN REF Tipo de Producto Vegetales Número de Piezas 1 Manejo de cookies Al continuar navegando por el sitio web, aceptas el uso de cookies propias y de terceros con el fin de identificar tus patrones de navegación, realizar personalizaciones de contenido y mostrarte publicidad de acuerdo a tus preferencias. Para conocer más, accede a nuestra política de cookies . Acepto",,65,,,,unknown,
(Und a $ 544),"(Und a $ 544) - 20 % $ 680 $ 544 Llévalo con 78 Puntos Colombia Vendido por: Exito Imágenes de referencia. Sólo se vende el producto de la descripción. Ver detalles del producto Condiciones de entrega: Enviado por: Exito Disponible para: Compra y recoge Agregar Información adicional Gana puntos Colombia Banano 1 und ( Und a $ 544 ) - 20 % $ 680 $ 544 Agregar Detalles del producto Clase Frutas Tropicales Referencia SIN REFER Tipo de Producto Fruta nacional Tipo de fruta Bananos Manejo de cookies Al continuar navegando por el sitio web, aceptas el uso de cookies propias y de terceros con el fin de identificar tus patrones de navegación, realizar personalizaciones de contenido y mostrarte publicidad de acuerdo a tus preferencias. Para conocer más, accede a nuestra política de cookies . Acepto",,544,,,,unknown,
¡Nueva tarjeta de crédito HEB Afirme!,"¡Nueva tarjeta de crédito HEB Afirme! Consigue la tuya aquí Elige método de entrega Buscar productos Mis listas Mis pedidos Iniciar sesión $0 Pasillos Promociones exclusivas con Nuevos Productos Vive Saludable Mascotas Exclusivos en línea Live Promociones Lácteos y huevo Huevo HCF Huevo Blanco Jumbo 18 pz HCF Huevo Blanco Jumbo 18 pz ☆ ☆ ☆ ☆ ☆ (0) Por favor, inicia sesión para escribir un comentario. HCF Referencia : 202642 $79.90 . ＋ － Agregar Beneficio PRIME: -5% de descuento Este descuento especial está disponible solo para miembros PRIME. Promociones bancarias Obtén un 5% de cashback en todas tus compras en heb.com.mx y nuestra app con la tarjeta de crédito HEB Afirme . Solicítala aquí Métodos de entrega Pick&Go Delivery Compartir Descripción Reseñas Tipo de producto Huevos de gallina Marca Hill Country Fare Denominación/Variedad Jumbo Unidades por paquete 18 Presentación Bandeja País de origen México Advertencias de almacenamiento Conserve en lugar fresco y seco Beneficios nutricionales Producidos por gallinas alimentadas con una dieta 100% vegetariana. Contiene vitamina E. Sin conservantes. Sin promotores de crecimiento. Sin hormonas Color Blanco Porción sugerida 60 g Porción referencial 1 huevo Porciones por envase 18 Energía por porción 82 Kcal Sodio por porción 80 mg Suscríbete a nuestro Newsletter y entérate de las ofertas y lanzamientos. Suscríbete a nuestro Newsletter y entérate de las ofertas y lanzamientos. Suscríbete Aviso de Privacidad | Términos y Condiciones | Politica de Devoluciones | Términos y Condiciones: Cupones y Promociones | Promociones Bancarias © 2024 H-E-B México - TODOS LOS DERECHOS RESERVADOS",,0,,,,unknown,
$ 8.500,"$ 8.500 $ 8.000 Vendido por: Ticsa Imágenes de referencia. Sólo se vende el producto de la descripción. Ver detalles del producto Condiciones de entrega: Enviado por: Ticsa No aplica para: Compra y recoge Agregar Banano Deshidratado $ 8.500 $ 8.000 Agregar Detalles del producto Manejo de cookies Al continuar navegando por el sitio web, aceptas el uso de cookies propias y de terceros con el fin de identificar tus patrones de navegación, realizar personalizaciones de contenido y mostrarte publicidad de acuerdo a tus preferencias. Para conocer más, accede a nuestra política de cookies . Acepto",,8500,,,,unknown,
$ 12.800,"$ 12.800 Vendido por: Etnico Imágenes de referencia. Sólo se vende el producto de la descripción. Ver detalles del producto Condiciones de entrega: Enviado por: Etnico No aplica para: Compra y recoge Agregar Banano Crocante Liofilizado 15G X 4 Unidades $ 12.800 Agregar Detalles del producto Manejo de cookies Al continuar navegando por el sitio web, aceptas el uso de cookies propias y de terceros con el fin de identificar tus patrones de navegación, realizar personalizaciones de contenido y mostrarte publicidad de acuerdo a tus preferencias. Para conocer más, accede a nuestra política de cookies . Acepto",,12800,,,,unknown,
Producto no disponible,"Producto no disponible Este producto no está disponible en este momento. Déjanos tu correo y te avisaremos cuando esté disponible Enviar CEBOLLA BLANCA ORGAN TAEQ 500 gr $ 0 Agregar Manejo de cookies Al continuar navegando por el sitio web, aceptas el uso de cookies propias y de terceros con el fin de identificar tus patrones de navegación, realizar personalizaciones de contenido y mostrarte publicidad de acuerdo a tus preferencias. Para conocer más, accede a nuestra política de cookies . Acepto",,0,,,,unknown,
Cebolla Blanca 1 und,"Cebolla Blanca 1 und ( Und a $ 1.328 ) $ 1.700 $ 1.328 Detalles del producto Referencia SIN REFER Tipo de Producto Verduras Número de Piezas 1 Manejo de cookies Al continuar navegando por el sitio web, aceptas el uso de cookies propias y de terceros con el fin de identificar tus patrones de navegación, realizar personalizaciones de contenido y mostrarte publicidad de acuerdo a tus preferencias. Para conocer más, accede a nuestra política de cookies . Acepto",,1328,,,,unknown,
(Und a $ 1.540),"(Und a $ 1.540) $ 1.540 Llévalo con 220 Puntos Colombia Vendido por: Exito Imágenes de referencia. Sólo se vende el producto de la descripción. Ver detalles del producto Condiciones de entrega: Enviado por: Exito Disponible para: Compra y recoge Agregar Información adicional Gana puntos Colombia Cebolla Roja 1 und ( Und a $ 1.540 ) $ 1.540 Agregar Detalles del producto Referencia SIN REFER Tipo de Producto Verduras Número de Piezas 1 Manejo de cookies Al continuar navegando por el sitio web, aceptas el uso de cookies propias y de terceros con el fin de identificar tus patrones de navegación, realizar personalizaciones de contenido y mostrarte publicidad de acuerdo a tus preferencias. Para conocer más, accede a nuestra política de cookies . Acepto",,1540,,,,unknown,
(Gr a $ 8),"(Gr a $ 8) $ 8.200 Llévalo con 1.171 Puntos Colombia Vendido por: Exito Imágenes de referencia. Sólo se vende el producto de la descripción. Ver detalles del producto Condiciones de entrega: Enviado por: Exito Disponible para: Compra y recoge Agregar Información adicional Gana puntos Colombia Papa Criolla Granel ( Gr a $ 8 ) $ 8.200 Agregar Detalles del producto Tipo de Verdura Papas Criollas Y De Freir Referencia SIN REFER Tipo de Producto Verduras Clase Tuberculos Y Raices Número de Piezas 1 Manejo de cookies Al continuar navegando por el sitio web, aceptas el uso de cookies propias y de terceros con el fin de identificar tus patrones de navegación, realizar personalizaciones de contenido y mostrarte publicidad de acuerdo a tus preferencias. Para conocer más, accede a nuestra política de cookies . Acepto",,8,,,,unknown,
(Gr a $ 9),"(Gr a $ 9) $ 9.980 Llévalo con 1.426 Puntos Colombia Vendido por: Exito Imágenes de referencia. Sólo se vende el producto de la descripción. Ver detalles del producto Condiciones de entrega: Enviado por: Exito Disponible para: Compra y recoge Agregar Información adicional Gana puntos Colombia Papa Criolla FRESCAMPO 1000 gr ( Gr a $ 9 ) $ 9.980 Agregar Detalles del producto Referencia SIN REFER Tipo de Producto Verduras Número de Piezas 1 Manejo de cookies Al continuar navegando por el sitio web, aceptas el uso de cookies propias y de terceros con el fin de identificar tus patrones de navegación, realizar personalizaciones de contenido y mostrarte publicidad de acuerdo a tus preferencias. Para conocer más, accede a nuestra política de cookies . Acepto",,9,,,,unknown,
Se interrumpió la conexión,Se interrumpió la conexión Se detectó un cambio de red. ERR_NETWORK_CHANGED Volver a cargar Se detectó un cambio de red.,,,,,,unknown,
Producto no disponible,"Producto no disponible Este producto no está disponible en este momento. Déjanos tu correo y te avisaremos cuando esté disponible Enviar Queso mozzarella COLANTA tajado fresco semiduro (1000 gr) $ 0 Agregar Manejo de cookies Al continuar navegando por el sitio web, aceptas el uso de cookies propias y de terceros con el fin de identificar tus patrones de navegación, realizar personalizaciones de contenido y mostrarte publicidad de acuerdo a tus preferencias. Para conocer más, accede a nuestra política de cookies . Acepto",,0,,,,unknown,
(Gr a $ 45),"(Gr a $ 45) - 20 % $ 22.550 $ 18.040 Llévalo con 2.577 Puntos Colombia Vendido por: Exito Imágenes de referencia. Sólo se vende el producto de la descripción. Ver detalles del producto Condiciones de entrega: Enviado por: Exito Disponible para: Compra y recoge Agregar Información adicional Gana puntos Colombia Queso Mozarella ALPINA 25 tajadas (400 gr) ( Gr a $ 45 ) - 20 % $ 22.550 $ 18.040 Agregar Detalles del producto Referencia 350092 Tipo de Producto Queso semiduro Número de Piezas 1 Manejo de cookies Al continuar navegando por el sitio web, aceptas el uso de cookies propias y de terceros con el fin de identificar tus patrones de navegación, realizar personalizaciones de contenido y mostrarte publicidad de acuerdo a tus preferencias. Para conocer más, accede a nuestra política de cookies . Acepto",,45,,,,unknown,
¡Nueva tarjeta de crédito HEB Afirme!,"¡Nueva tarjeta de crédito HEB Afirme! Consigue la tuya aquí Elige método de entrega Buscar productos Mis listas Mis pedidos Iniciar sesión $0 Pasillos Promociones exclusivas con Nuevos Productos Vive Saludable Mascotas Exclusivos en línea Live Promociones Lácteos y huevo Huevo Huevo Blanco Mediano 18 Pz Huevo Blanco Mediano 18 Pz ☆ ☆ ☆ ☆ ☆ (0) Por favor, inicia sesión para escribir un comentario. MI TIENDA Referencia : 255228 $59.90 . ＋ － Agregar Beneficio PRIME: -5% de descuento Este descuento especial está disponible solo para miembros PRIME. Promociones bancarias Obtén un 5% de cashback en todas tus compras en heb.com.mx y nuestra app con la tarjeta de crédito HEB Afirme . Solicítala aquí Métodos de entrega Pick&Go Delivery Compartir Descripción Reseñas Tipo de producto Huevos de gallina Marca Mi Tienda Denominación/Variedad Mediano seleccionado Unidades por paquete 18 Presentación Bandeja País de origen México Advertencias de almacenamiento Una vez adquirido el producto, se recomienda mantenerlo en refrigeración Color Blanco Suscríbete a nuestro Newsletter y entérate de las ofertas y lanzamientos. Suscríbete a nuestro Newsletter y entérate de las ofertas y lanzamientos. Suscríbete Aviso de Privacidad | Términos y Condiciones | Politica de Devoluciones | Términos y Condiciones: Cupones y Promociones | Promociones Bancarias © 2024 H-E-B México - TODOS LOS DERECHOS RESERVADOS",,0,,,,unknown,
(Gr a $ 42),"(Gr a $ 42) $ 17.000 Llévalo con 2.429 Puntos Colombia Vendido por: Exito ¡Últimas 10 unidades! Imágenes de referencia. Sólo se vende el producto de la descripción. Ver detalles del producto Condiciones de entrega: Enviado por: Exito Disponible para: Compra y recoge Agregar Información adicional Gana puntos Colombia Queso SUPERIOR tajado (400 gr) ( Gr a $ 42 ) $ 17.000 Agregar Detalles del producto Referencia 3404141 Grasa saturada (por porción) 6 g Recomendaciones Después de abierto consumase en el menor tiempo posible Manejo de cookies Al continuar navegando por el sitio web, aceptas el uso de cookies propias y de terceros con el fin de identificar tus patrones de navegación, realizar personalizaciones de contenido y mostrarte publicidad de acuerdo a tus preferencias. Para conocer más, accede a nuestra política de cookies . Acepto",,42,,,,unknown,
Producto no disponible,"Producto no disponible Este producto no está disponible en este momento. Déjanos tu correo y te avisaremos cuando esté disponible Enviar Queso CAMPO REAL semigraso 7 cueros (200 gr) $ 0 Agregar Manejo de cookies Al continuar navegando por el sitio web, aceptas el uso de cookies propias y de terceros con el fin de identificar tus patrones de navegación, realizar personalizaciones de contenido y mostrarte publicidad de acuerdo a tus preferencias. Para conocer más, accede a nuestra política de cookies . Acepto",,0,,,,unknown,
(Gr a $ 64),"(Gr a $ 64) $ 13.500 Llévalo con 1.929 Puntos Colombia Vendido por: Exito Imágenes de referencia. Sólo se vende el producto de la descripción. Ver detalles del producto Condiciones de entrega: Enviado por: Exito Disponible para: Compra y recoge Agregar Información adicional Gana puntos Colombia Queso DEL VECCHIO butirro x3und (210 gr) ( Gr a $ 64 ) $ 13.500 Agregar Detalles del producto Referencia 942593 Tipo de Producto Queso Maduro Número de Piezas 1 Manejo de cookies Al continuar navegando por el sitio web, aceptas el uso de cookies propias y de terceros con el fin de identificar tus patrones de navegación, realizar personalizaciones de contenido y mostrarte publicidad de acuerdo a tus preferencias. Para conocer más, accede a nuestra política de cookies . Acepto",,64,,,,unknown,
(Gr a $ 67),"(Gr a $ 67) $ 30.400 Llévalo con 4.343 Puntos Colombia Vendido por: Exito ¡Últimas 10 unidades! Imágenes de referencia. Sólo se vende el producto de la descripción. Ver detalles del producto Condiciones de entrega: Enviado por: Exito Disponible para: Compra y recoge Agregar Información adicional Gana puntos Colombia Queso PASCO mozzarella light (450 gr) ( Gr a $ 67 ) $ 30.400 Agregar Detalles del producto Referencia 692288 Tipo de Producto Queso Maduro Bueno Para Ti Si Apto para Veganos No Número de Piezas 1 Manejo de cookies Al continuar navegando por el sitio web, aceptas el uso de cookies propias y de terceros con el fin de identificar tus patrones de navegación, realizar personalizaciones de contenido y mostrarte publicidad de acuerdo a tus preferencias. Para conocer más, accede a nuestra política de cookies . Acepto",,67,,,,unknown,
(Gr a $ 3),"(Gr a $ 3) - 30 % $ 10.400 $ 7.280 Llévalo con 1.040 Puntos Colombia Vendido por: Exito Imágenes de referencia. Sólo se vende el producto de la descripción. Ver detalles del producto Condiciones de entrega: Enviado por: Exito Disponible para: Compra y recoge Agregar Información adicional Gana puntos Colombia Azúcar MANUELITA alta pureza (2000 gr) ( Gr a $ 3 ) - 30 % $ 10.400 $ 7.280 Agregar Detalles del producto Tipo de Azúcar Azucar Blanca Referencia 441016 Tipo de Producto Azúcar Fragancia SIN FRA Número de Piezas 1 Manejo de cookies Al continuar navegando por el sitio web, aceptas el uso de cookies propias y de terceros con el fin de identificar tus patrones de navegación, realizar personalizaciones de contenido y mostrarte publicidad de acuerdo a tus preferencias. Para conocer más, accede a nuestra política de cookies . Acepto",,3,,,,unknown,
(Gr a $ 4),"(Gr a $ 4) $ 4.830 $ 4.810 Llévalo con 687 Puntos Colombia Vendido por: Exito Imágenes de referencia. Sólo se vende el producto de la descripción. Ver detalles del producto Condiciones de entrega: Enviado por: Exito Disponible para: Compra y recoge Agregar Información adicional Gana puntos Colombia Azúcar RIOPAILA blanca (1000 gr) ( Gr a $ 4 ) $ 4.830 $ 4.810 Agregar Detalles del producto Referencia 736436 Fragancia SIN FRA Número de Piezas 1 Manejo de cookies Al continuar navegando por el sitio web, aceptas el uso de cookies propias y de terceros con el fin de identificar tus patrones de navegación, realizar personalizaciones de contenido y mostrarte publicidad de acuerdo a tus preferencias. Para conocer más, accede a nuestra política de cookies . Acepto",,4,,,,unknown,
(Gr a $ 4),"(Gr a $ 4) - 19 % $ 13.600 $ 10.965 Llévalo con 1.566 Puntos Colombia Vendido por: Exito Imágenes de referencia. Sólo se vende el producto de la descripción. Ver detalles del producto Condiciones de entrega: Enviado por: Exito Disponible para: Compra y recoge Agregar Información adicional Gana puntos Colombia Azúcar INCAUCA blanco (2500 gr) ( Gr a $ 4 ) - 19 % $ 13.600 $ 10.965 Agregar Detalles del producto Tipo de Azúcar Azucar Blanca Referencia 6050 Tipo de Producto Azúcar Número de Piezas 1 Manejo de cookies Al continuar navegando por el sitio web, aceptas el uso de cookies propias y de terceros con el fin de identificar tus patrones de navegación, realizar personalizaciones de contenido y mostrarte publicidad de acuerdo a tus preferencias. Para conocer más, accede a nuestra política de cookies . Acepto",,4,,,,unknown,
(Gr a $ 3),"(Gr a $ 3) - 27 % $ 12.050 $ 8.760 Llévalo con 1.251 Puntos Colombia Vendido por: Exito Imágenes de referencia. Sólo se vende el producto de la descripción. Ver detalles del producto Condiciones de entrega: Enviado por: Exito Disponible para: Compra y recoge Agregar Información adicional Gana puntos Colombia Azúcar MAYAGUEZ blanco (2500 gr) ( Gr a $ 3 ) - 27 % $ 12.050 $ 8.760 Agregar Detalles del producto Tipo de Azúcar Azucar Blanca Referencia 42852 Tipo de Producto Azúcar Número de Piezas 1 Manejo de cookies Al continuar navegando por el sitio web, aceptas el uso de cookies propias y de terceros con el fin de identificar tus patrones de navegación, realizar personalizaciones de contenido y mostrarte publicidad de acuerdo a tus preferencias. Para conocer más, accede a nuestra política de cookies . Acepto",,3,,,,unknown,
(Gr a $ 5),"(Gr a $ 5) - 20 % $ 2.910 $ 2.328 Llévalo con 333 Puntos Colombia Vendido por: Exito Imágenes de referencia. Sólo se vende el producto de la descripción. Ver detalles del producto Condiciones de entrega: Enviado por: Exito Disponible para: Compra y recoge Agregar Información adicional Gana puntos Colombia Azúcar PROVIDENCIA orgánica (454 gr) ( Gr a $ 5 ) - 20 % $ 2.910 $ 2.328 Agregar Detalles del producto Tipo de Azúcar Azucar organica Referencia 733634 Tipo de Producto Azúcar Número de Piezas 1 Manejo de cookies Al continuar navegando por el sitio web, aceptas el uso de cookies propias y de terceros con el fin de identificar tus patrones de navegación, realizar personalizaciones de contenido y mostrarte publicidad de acuerdo a tus preferencias. Para conocer más, accede a nuestra política de cookies . Acepto",,5,,,,unknown,
ASESORAMOS TU COMPRA:,"ASESORAMOS TU COMPRA: 📞(601) 6672004, lun a sáb de 7am.a 7pm dom hasta las 6pm otras ciudades consulta aquí ¡Llámanos! ¿Cómo te gustaría que entreguemos tu pedido? ¿Qué estás buscando? Inicia sesión o regístrate Mi cuenta ¡Hola! Inicia sesión o regístrate Todas las categorías Supermercado Televisores y Audio Celulares Tecnología Electrodomésticos Mascotas Mundo bebés Hogar y decoración Ropa y Accesorios Salud y Bienestar Deportes y tiempo libre Juguetería Automóvil Herramientas y Ferretería Libros y Papelería Pinturas Pisos y Paredes Baños Jardín Especiales Ofertas Supermercado Electro Hogar y vestuario Servicios No has seleccionado ningún método de entrega aún. Seleccionar método de entrega Close Supermercado Lácteos, Huevos Y Refrigerados Huevos Huevos Kikes rojos tipo L x30und 1/1 Características Descripción Ingredientes Condición alimentaria Información nutricional Disfruta del gran sabor y calidad de los huevos Kikes. Prepara las recetas que más te gusten gracias a la versatilidad de este ingrediente. Este producto es vendido, facturado y entregado por Cencosud - Colombia Los precios de los productos pueden cambiar dependiendo de la región. Aplican Términos y Condiciones Desactivado Referencia : 0999469 Huevos Kikes rojos tipo L x30und $ 766 , 33 x un KIKES ☆ ☆ ☆ ☆ ☆ $ 22.990 ¿Todavía no tienes tu Tarjeta Cencosud? Solicítala en línea, úsala y obtén un bono de $100.000 para una próxima compra . Aplican términos y condiciones. Solicítala aquí . Agregar Este producto es vendido, facturado y entregado por Cencosud - Colombia Los precios de los productos pueden cambiar dependiendo de la región. Aplican Términos y Condiciones Términos más buscados 1. kefir alpina 2. muebles 3. leche 4. leche alqueria 5. san jorge 6. papel higienico 7. arroz 8. cafe 9. cerveza 10. neveras",,766,,,,unknown,
Mis listas,Mis listas Mis pedidos Iniciar sesión Promociones exclusivas con Lácteos y huevo Huevo Huevo Blanco 12 Pz Suscríbete a nuestro Newsletter y entérate de las ofertas y lanzamientos. Suscríbete a nuestro Newsletter y entérate de las ofertas y lanzamientos. Suscríbete Aviso de Privacidad | Términos y Condiciones | Politica de Devoluciones | Términos y Condiciones: Cupones y Promociones | Promociones Bancarias © 2024 H-E-B México - TODOS LOS DERECHOS RESERVADOS,,,,,,unknown,
ASESORAMOS TU COMPRA:,"ASESORAMOS TU COMPRA: 📞(601) 6672004, lun a sáb de 7am.a 7pm dom hasta las 6pm otras ciudades consulta aquí ¡Llámanos! ¿Cómo te gustaría que entreguemos tu pedido? ¿Qué estás buscando? Inicia sesión o regístrate Mi cuenta ¡Hola! Inicia sesión o regístrate Todas las categorías Supermercado Televisores y Audio Celulares Tecnología Electrodomésticos Mascotas Mundo bebés Hogar y decoración Ropa y Accesorios Salud y Bienestar Deportes y tiempo libre Juguetería Automóvil Herramientas y Ferretería Libros y Papelería Pinturas Pisos y Paredes Baños Jardín Especiales Ofertas Supermercado Electro Hogar y vestuario Servicios No has seleccionado ningún método de entrega aún. Seleccionar método de entrega Close Supermercado Lácteos, Huevos Y Refrigerados Huevos Huevos AA rojos Santa Reyes x30und 1/1 Características Descripción Ingredientes Condición alimentaria Información nutricional El huevo es considerado un alimento rico en proteína, libre de grasas, con alta fuente de hierro y vitaminas. Es ideal para cuidar de tu cuerpo. Este producto es vendido, facturado y entregado por Cencosud - Colombia Los precios de los productos pueden cambiar dependiendo de la región. Aplican Términos y Condiciones Desactivado Referencia : 0452500 Huevos AA rojos Santa Reyes x30und $ 854 , 33 x un SANTA REYES ☆ ☆ ☆ ☆ ☆ $ 25.630 ¿Todavía no tienes tu Tarjeta Cencosud? Solicítala en línea, úsala y obtén un bono de $100.000 para una próxima compra . Aplican términos y condiciones. Solicítala aquí . Mejores ofertas -5% $ 24.348 Agregar Este producto es vendido, facturado y entregado por Cencosud - Colombia Los precios de los productos pueden cambiar dependiendo de la región. Aplican Términos y Condiciones Términos más buscados 1. kefir alpina 2. muebles 3. leche 4. leche alqueria 5. san jorge 6. papel higienico 7. arroz 8. cafe 9. cerveza 10. neveras",,854,,,,unknown,
ASESORAMOS TU COMPRA:,"ASESORAMOS TU COMPRA: 📞(601) 6672004, lun a sáb de 7am.a 7pm dom hasta las 6pm otras ciudades consulta aquí ¡Llámanos! ¿Cómo te gustaría que entreguemos tu pedido? ¿Qué estás buscando? Inicia sesión o regístrate Mi cuenta ¡Hola! Inicia sesión o regístrate Todas las categorías Supermercado Televisores y Audio Celulares Tecnología Electrodomésticos Mascotas Mundo bebés Hogar y decoración Ropa y Accesorios Salud y Bienestar Deportes y tiempo libre Juguetería Automóvil Herramientas y Ferretería Libros y Papelería Pinturas Pisos y Paredes Baños Jardín Especiales Ofertas Supermercado Electro Hogar y vestuario Servicios No has seleccionado ningún método de entrega aún. Seleccionar método de entrega Close Supermercado Lácteos, Huevos Y Refrigerados Huevos Huevos surtidos rojos Omega 3 Santa Anita x30und 1/1 Características Descripción Huevos de gallinas alimentadas con cereales. Enriquecidos con omega 3 y vitamina E. Este producto es vendido, facturado y entregado por Cencosud - Colombia Los precios de los productos pueden cambiar dependiendo de la región. Aplican Términos y Condiciones Desactivado Referencia : 0603513 Huevos surtidos rojos Omega 3 Santa Anita x30und $ 796 , 33 x un SANTA ANITA ☆ ☆ ☆ ☆ ☆ $ 23.890 ¿Todavía no tienes tu Tarjeta Cencosud? Solicítala en línea, úsala y obtén un bono de $100.000 para una próxima compra . Aplican términos y condiciones. Solicítala aquí . Agregar Este producto es vendido, facturado y entregado por Cencosud - Colombia Los precios de los productos pueden cambiar dependiendo de la región. Aplican Términos y Condiciones Términos más buscados 1. kefir alpina 2. muebles 3. leche 4. leche alqueria 5. san jorge 6. papel higienico 7. arroz 8. cafe 9. cerveza 10. neveras",,796,,,,unknown,
ASESORAMOS TU COMPRA:,"ASESORAMOS TU COMPRA: 📞(601) 6672004, lun a sáb de 7am.a 7pm dom hasta las 6pm otras ciudades consulta aquí ¡Llámanos! ¿Cómo te gustaría que entreguemos tu pedido? ¿Qué estás buscando? Inicia sesión o regístrate Mi cuenta ¡Hola! Inicia sesión o regístrate Todas las categorías Supermercado Televisores y Audio Celulares Tecnología Electrodomésticos Mascotas Mundo bebés Hogar y decoración Ropa y Accesorios Salud y Bienestar Deportes y tiempo libre Juguetería Automóvil Herramientas y Ferretería Libros y Papelería Pinturas Pisos y Paredes Baños Jardín Especiales Ofertas Supermercado Electro Hogar y vestuario Servicios No has seleccionado ningún método de entrega aún. Seleccionar método de entrega Close Supermercado Lácteos, Huevos Y Refrigerados Huevos Campesino Termoencogido Oro Aa X30 Unidades 1/2 Características Descripción De nuestras granjas a tu cocina con la frescura y sabor superior del campo gracias a la alimentación natural de nuestras gallinas. Este producto es vendido, facturado y entregado por Cencosud - Colombia Los precios de los productos pueden cambiar dependiendo de la región. Aplican Términos y Condiciones Otros clientes también llevan Desactivado $ 2.500 A GRANEL Tomate chonto x 500gr Agregar ★ ★ ★ ☆ ☆ Desactivado $ 22.550 ALPINA Queso mozarella Alpina 25 tajadas x400g Agregar ☆ ☆ ☆ ☆ ☆ Desactivado $ 1.840 CENCOSUD Banano Urabá x 500 gr Agregar ☆ ☆ ☆ ☆ ☆ Desactivado $ 1.780 CENCOSUD Ajo importado malla x 3 un Desactivado Referencia : 0731307 Campesino Termoencogido Oro Aa X30 Unidades $ 669 , 67 x un HUEVOS ORO ★ ★ ★ ★ ★ (1) ★ ★ ★ ★ ★ $ 20.090 ¿Todavía no tienes tu Tarjeta Cencosud? Solicítala en línea, úsala y obtén un bono de $100.000 para una próxima compra . Aplican términos y condiciones. Solicítala aquí . Agregar Este producto es vendido, facturado y entregado por Cencosud - Colombia Los precios de los productos pueden cambiar dependiendo de la región. Aplican Términos y Condiciones Términos más buscados 1. kefir alpina 2. muebles 3. leche 4. le",,2500,,,,unknown,
ASESORAMOS TU COMPRA:,"ASESORAMOS TU COMPRA: 📞(601) 6672004, lun a sáb de 7am.a 7pm dom hasta las 6pm otras ciudades consulta aquí ¡Llámanos! ¿Cómo te gustaría que entreguemos tu pedido? ¿Qué estás buscando? Inicia sesión o regístrate Mi cuenta ¡Hola! Inicia sesión o regístrate Todas las categorías Supermercado Televisores y Audio Celulares Tecnología Electrodomésticos Mascotas Mundo bebés Hogar y decoración Ropa y Accesorios Salud y Bienestar Deportes y tiempo libre Juguetería Automóvil Herramientas y Ferretería Libros y Papelería Pinturas Pisos y Paredes Baños Jardín Especiales Ofertas Supermercado Electro Hogar y vestuario Servicios No has seleccionado ningún método de entrega aún. Seleccionar método de entrega Close Supermercado Lácteos, Huevos Y Refrigerados Huevos Huevos A - AA rojos Gallina Feliz x18und 1/1 Características Descripción Ingredientes Condición alimentaria Información nutricional El huevo es considerado un alimento rico en proteína, libre de grasas, con alta fuente de hierro y vitaminas. Es ideal para cuidar de tu cuerpo. Este producto es vendido, facturado y entregado por Cencosud - Colombia Los precios de los productos pueden cambiar dependiendo de la región. Aplican Términos y Condiciones Desactivado Referencia : 0248944 Huevos A - AA rojos Gallina Feliz x18und $ 1 . 360 , 56 x un SANTA REYES ☆ ☆ ☆ ☆ ☆ $ 24.490 ¿Todavía no tienes tu Tarjeta Cencosud? Solicítala en línea, úsala y obtén un bono de $100.000 para una próxima compra . Aplican términos y condiciones. Solicítala aquí . Mejores ofertas -5% $ 23.265 Agregar Este producto es vendido, facturado y entregado por Cencosud - Colombia Los precios de los productos pueden cambiar dependiendo de la región. Aplican Términos y Condiciones Términos más buscados 1. kefir alpina 2. muebles 3. leche 4. leche alqueria 5. san jorge 6. papel higienico 7. arroz 8. cafe 9. cerveza 10. neveras",,1,,,,unknown,
ASESORAMOS TU COMPRA:,"ASESORAMOS TU COMPRA: 📞(601) 6672004, lun a sáb de 7am.a 7pm dom hasta las 6pm otras ciudades consulta aquí ¡Llámanos! ¿Cómo te gustaría que entreguemos tu pedido? ¿Qué estás buscando? Inicia sesión o regístrate Mi cuenta ¡Hola! Inicia sesión o regístrate Todas las categorías Supermercado Televisores y Audio Celulares Tecnología Electrodomésticos Mascotas Mundo bebés Hogar y decoración Ropa y Accesorios Salud y Bienestar Deportes y tiempo libre Juguetería Automóvil Herramientas y Ferretería Libros y Papelería Pinturas Pisos y Paredes Baños Jardín Especiales Ofertas Supermercado Electro Hogar y vestuario Servicios No has seleccionado ningún método de entrega aún. Seleccionar método de entrega Close Supermercado Despensa Arroz Y Granos Arroz Diana blanco x1kg 1/2 Características Descripción Ingredientes Condición alimentaria Información nutricional Proporciónale todo el amor a tu familia con el delicioso Arroz Diana Este producto es vendido, facturado y entregado por Cencosud - Colombia Los precios de los productos pueden cambiar dependiendo de la región. Aplican Términos y Condiciones Desactivado Referencia : 0180692 Arroz Diana blanco x1kg $ 4 , 49 x gr DIANA ☆ ☆ ☆ ☆ ☆ $ 4.490 ¿Todavía no tienes tu Tarjeta Cencosud? Solicítala en línea, úsala y obtén un bono de $100.000 para una próxima compra . Aplican términos y condiciones. Solicítala aquí . Agregar Este producto es vendido, facturado y entregado por Cencosud - Colombia Los precios de los productos pueden cambiar dependiendo de la región. Aplican Términos y Condiciones Términos más buscados 1. kefir alpina 2. muebles 3. leche 4. leche alqueria 5. san jorge 6. papel higienico 7. arroz 8. cafe 9. cerveza 10. neveras",,4,,,,unknown,
ASESORAMOS TU COMPRA:,"ASESORAMOS TU COMPRA: 📞(601) 6672004, lun a sáb de 7am.a 7pm dom hasta las 6pm otras ciudades consulta aquí ¡Llámanos! ¿Cómo te gustaría que entreguemos tu pedido? ¿Qué estás buscando? Inicia sesión o regístrate Mi cuenta ¡Hola! Inicia sesión o regístrate Todas las categorías Supermercado Televisores y Audio Celulares Tecnología Electrodomésticos Mascotas Mundo bebés Hogar y decoración Ropa y Accesorios Salud y Bienestar Deportes y tiempo libre Juguetería Automóvil Herramientas y Ferretería Libros y Papelería Pinturas Pisos y Paredes Baños Jardín Especiales Ofertas Supermercado Electro Hogar y vestuario Servicios No has seleccionado ningún método de entrega aún. Seleccionar método de entrega Close ¡Ups! No hay productos que coincidan con tu búsqueda. Te recomendamos que: Revisa la ortografía. Intentes utilizar una sola palabra. Pruebes con algún sinónimo. Hagas una búsqueda más genérica. Términos más buscados 1. kefir alpina 2. muebles 3. leche 4. leche alqueria 5. san jorge 6. papel higienico 7. arroz 8. cafe 9. cerveza 10. neveras",,,,,,unknown,
ASESORAMOS TU COMPRA:,"ASESORAMOS TU COMPRA: 📞(601) 6672004, lun a sáb de 7am.a 7pm dom hasta las 6pm otras ciudades consulta aquí ¡Llámanos! ¿Cómo te gustaría que entreguemos tu pedido? ¿Qué estás buscando? Inicia sesión o regístrate Mi cuenta ¡Hola! Inicia sesión o regístrate Todas las categorías Supermercado Televisores y Audio Celulares Tecnología Electrodomésticos Mascotas Mundo bebés Hogar y decoración Ropa y Accesorios Salud y Bienestar Deportes y tiempo libre Juguetería Automóvil Herramientas y Ferretería Libros y Papelería Pinturas Pisos y Paredes Baños Jardín Especiales Ofertas Supermercado Electro Hogar y vestuario Servicios No has seleccionado ningún método de entrega aún. Seleccionar método de entrega Close Supermercado Despensa Arroz Y Granos Arroz Florhuila x10kg 1/2 Características Descripción Arroz descascarado al cual se le ha eliminado totalmente por elaboración el germen y el salvado con adición de vitamina A y acido fólico Este producto es vendido, facturado y entregado por Cencosud - Colombia Los precios de los productos pueden cambiar dependiendo de la región. Aplican Términos y Condiciones Desactivado Referencia : 0008448 Arroz Florhuila x10kg $ 4 , 69 x gr FLORHUILA ☆ ☆ ☆ ☆ ☆ $ 46.940 ¿Todavía no tienes tu Tarjeta Cencosud? Solicítala en línea, úsala y obtén un bono de $100.000 para una próxima compra . Aplican términos y condiciones. Solicítala aquí . Mejores ofertas -5% $ 44.593 Agregar Este producto es vendido, facturado y entregado por Cencosud - Colombia Los precios de los productos pueden cambiar dependiendo de la región. Aplican Términos y Condiciones Términos más buscados 1. kefir alpina 2. muebles 3. leche 4. leche alqueria 5. san jorge 6. papel higienico 7. arroz 8. cafe 9. cerveza 10. neveras",,4,,,,unknown,
ASESORAMOS TU COMPRA:,"ASESORAMOS TU COMPRA: 📞(601) 6672004, lun a sáb de 7am.a 7pm dom hasta las 6pm otras ciudades consulta aquí ¡Llámanos! ¿Cómo te gustaría que entreguemos tu pedido? ¿Qué estás buscando? Inicia sesión o regístrate Mi cuenta ¡Hola! Inicia sesión o regístrate Todas las categorías Supermercado Televisores y Audio Celulares Tecnología Electrodomésticos Mascotas Mundo bebés Hogar y decoración Ropa y Accesorios Salud y Bienestar Deportes y tiempo libre Juguetería Automóvil Herramientas y Ferretería Libros y Papelería Pinturas Pisos y Paredes Baños Jardín Especiales Ofertas Supermercado Electro Hogar y vestuario Servicios No has seleccionado ningún método de entrega aún. Seleccionar método de entrega Close Supermercado Despensa Arroz Y Granos Arroz Castellano Premium blanco x4000g 1/1 Características Descripción Un arroz perfecto para crear deliciosas recetas Este producto es vendido, facturado y entregado por Cencosud - Colombia Los precios de los productos pueden cambiar dependiendo de la región. Aplican Términos y Condiciones Desactivado Referencia : 3419212 Arroz Castellano Premium blanco x4000g $ 9 , 38 x gr CASTELLANO ☆ ☆ ☆ ☆ ☆ $ 37.520 $ 46.900 ¿Todavía no tienes tu Tarjeta Cencosud? Solicítala en línea, úsala y obtén un bono de $100.000 para una próxima compra . Aplican términos y condiciones. Solicítala aquí . Mejores ofertas -25% $ 35.175 -24% $ 35.644 Agregar Este producto es vendido, facturado y entregado por Cencosud - Colombia Los precios de los productos pueden cambiar dependiendo de la región. Aplican Términos y Condiciones Términos más buscados 1. kefir alpina 2. muebles 3. leche 4. leche alqueria 5. san jorge 6. papel higienico 7. arroz 8. cafe 9. cerveza 10. neveras",,9,,,,unknown,
ASESORAMOS TU COMPRA:,"ASESORAMOS TU COMPRA: 📞(601) 6672004, lun a sáb de 7am.a 7pm dom hasta las 6pm otras ciudades consulta aquí ¡Llámanos! ¿Cómo te gustaría que entreguemos tu pedido? ¿Qué estás buscando? Inicia sesión o regístrate Mi cuenta ¡Hola! Inicia sesión o regístrate Todas las categorías Supermercado Televisores y Audio Celulares Tecnología Electrodomésticos Mascotas Mundo bebés Hogar y decoración Ropa y Accesorios Salud y Bienestar Deportes y tiempo libre Juguetería Automóvil Herramientas y Ferretería Libros y Papelería Pinturas Pisos y Paredes Baños Jardín Especiales Ofertas Supermercado Electro Hogar y vestuario Servicios No has seleccionado ningún método de entrega aún. Seleccionar método de entrega Close Supermercado Despensa Arroz Y Granos Arroz Sonora x3kg 1/1 Características Descripción Arroz Sonora x3kg Este producto es vendido, facturado y entregado por Cencosud - Colombia Los precios de los productos pueden cambiar dependiendo de la región. Aplican Términos y Condiciones Desactivado Referencia : 0330114 Arroz Sonora x3kg SONORA ☆ ☆ ☆ ☆ ☆ $ 14.090 ¿Todavía no tienes tu Tarjeta Cencosud? Solicítala en línea, úsala y obtén un bono de $100.000 para una próxima compra . Aplican términos y condiciones. Solicítala aquí . Mejores ofertas -5% $ 13.385 Agregar Este producto es vendido, facturado y entregado por Cencosud - Colombia Los precios de los productos pueden cambiar dependiendo de la región. Aplican Términos y Condiciones Términos más buscados 1. kefir alpina 2. muebles 3. leche 4. leche alqueria 5. san jorge 6. papel higienico 7. arroz 8. cafe 9. cerveza 10. neveras",,14090,,,,unknown,
ASESORAMOS TU COMPRA:,"ASESORAMOS TU COMPRA: 📞(601) 6672004, lun a sáb de 7am.a 7pm dom hasta las 6pm otras ciudades consulta aquí ¡Llámanos! ¿Cómo te gustaría que entreguemos tu pedido? ¿Qué estás buscando? Inicia sesión o regístrate Mi cuenta ¡Hola! Inicia sesión o regístrate Todas las categorías Supermercado Televisores y Audio Celulares Tecnología Electrodomésticos Mascotas Mundo bebés Hogar y decoración Ropa y Accesorios Salud y Bienestar Deportes y tiempo libre Juguetería Automóvil Herramientas y Ferretería Libros y Papelería Pinturas Pisos y Paredes Baños Jardín Especiales Ofertas Supermercado Electro Hogar y vestuario Servicios No has seleccionado ningún método de entrega aún. Seleccionar método de entrega Close ¡Ups! No hay productos que coincidan con tu búsqueda. Te recomendamos que: Revisa la ortografía. Intentes utilizar una sola palabra. Pruebes con algún sinónimo. Hagas una búsqueda más genérica. Términos más buscados 1. kefir alpina 2. muebles 3. leche 4. leche alqueria 5. san jorge 6. papel higienico 7. arroz 8. cafe 9. cerveza 10. neveras",,,,,,unknown,
¡Nueva tarjeta de crédito HEB Afirme!,"¡Nueva tarjeta de crédito HEB Afirme! Consigue la tuya aquí Elige método de entrega Buscar productos Mis listas Mis pedidos Iniciar sesión $0 Pasillos Promociones exclusivas con Nuevos Productos Vive Saludable Mascotas Exclusivos en línea Live Promociones Lácteos y huevo Huevo Huevo Blanco San Juan 30 piezas Huevo Blanco San Juan 30 piezas ☆ ☆ ☆ ☆ ☆ (0) Por favor, inicia sesión para escribir un comentario. SAN JUAN Referencia : 201132 Paquete de 30 huevos blancos selectos de la marca San Juan, ricos en omega 3, vitaminas y minerales. $94.00 . ＋ － Agregar Promociones bancarias Obtén un 5% de cashback en todas tus compras en heb.com.mx y nuestra app con la tarjeta de crédito HEB Afirme . Solicítala aquí Métodos de entrega Pick&Go Delivery Compartir Descripción Características Reseñas Los Huevos Blancos de San Juan en su presentación de 30 piezas son una excelente opción para mantener una dieta balanceada y nutritiva. Cada huevo ha sido cuidadosamente seleccionado para ofrecer la más alta calidad, garantizando así su satisfacción. Los huevos San Juan son conocidos por ser una fuente rica de Omega 3, además, contienen vitamina B1, B2, hierro, fósforo y calcio , lo que los convierte en un alimento fundamental para contribuir a una dieta saludable y balanceada. Producidos en México, estos huevos blancos no solo aportan una cantidad significativa de nutrientes esenciales, sino que también son una excelente opción para una variedad de platillos, desde un desayuno sencillo hasta recetas más elaboradas. El paquete contiene 30 unidades, asegurando que siempre tenga suficientes huevos a mano para satisfacer las necesidades culinarias de su hogar. Cada huevo es una porción referencial, y contribuye con 79.6 Kcal, 6 g de proteínas y 6 g de grasas totales por porción, haciéndolos una opción nutritiva para cualquier comida. Suscríbete a nuestro Newsletter y entérate de las ofertas y lanzamientos. Suscríbete a nuestro Newsletter y entérate de las ofertas y lanzamientos. Suscríbete A",,0,,,,unknown,
ASESORAMOS TU COMPRA:,"ASESORAMOS TU COMPRA: 📞(601) 6672004, lun a sáb de 7am.a 7pm dom hasta las 6pm otras ciudades consulta aquí ¡Llámanos! ¿Cómo te gustaría que entreguemos tu pedido? ¿Qué estás buscando? Inicia sesión o regístrate Mi cuenta ¡Hola! Inicia sesión o regístrate Todas las categorías Supermercado Televisores y Audio Celulares Tecnología Electrodomésticos Mascotas Mundo bebés Hogar y decoración Ropa y Accesorios Salud y Bienestar Deportes y tiempo libre Juguetería Automóvil Herramientas y Ferretería Libros y Papelería Pinturas Pisos y Paredes Baños Jardín Especiales Ofertas Supermercado Electro Hogar y vestuario Servicios No has seleccionado ningún método de entrega aún. Seleccionar método de entrega Close Supermercado Pan Bimbo Integral Bolsa x 480G 1/1 Características Descripción Pan Bimbo Integral Bolsa x 480G Este producto es vendido, facturado y entregado por Cencosud - Colombia Los precios de los productos pueden cambiar dependiendo de la región. Aplican Términos y Condiciones Desactivado Referencia : 3643446 Pan Bimbo Integral Bolsa x 480G $ 17 , 06 x gr BIMBO ☆ ☆ ☆ ☆ ☆ $ 8.190 ¿Todavía no tienes tu Tarjeta Cencosud? Solicítala en línea, úsala y obtén un bono de $100.000 para una próxima compra . Aplican términos y condiciones. Solicítala aquí . Agregar Este producto es vendido, facturado y entregado por Cencosud - Colombia Los precios de los productos pueden cambiar dependiendo de la región. Aplican Términos y Condiciones Términos más buscados 1. kefir alpina 2. muebles 3. leche 4. leche alqueria 5. san jorge 6. papel higienico 7. arroz 8. cafe 9. cerveza 10. neveras",,17,,,,unknown,
ASESORAMOS TU COMPRA:,"ASESORAMOS TU COMPRA: 📞(601) 6672004, lun a sáb de 7am.a 7pm dom hasta las 6pm otras ciudades consulta aquí ¡Llámanos! ¿Cómo te gustaría que entreguemos tu pedido? ¿Qué estás buscando? Inicia sesión o regístrate Mi cuenta ¡Hola! Inicia sesión o regístrate Todas las categorías Supermercado Televisores y Audio Celulares Tecnología Electrodomésticos Mascotas Mundo bebés Hogar y decoración Ropa y Accesorios Salud y Bienestar Deportes y tiempo libre Juguetería Automóvil Herramientas y Ferretería Libros y Papelería Pinturas Pisos y Paredes Baños Jardín Especiales Ofertas Supermercado Electro Hogar y vestuario Servicios No has seleccionado ningún método de entrega aún. Seleccionar método de entrega Close Supermercado Panadería Y Pastelería Panadería Empacada Pan Comapan Extragrande x 750 g 1/1 Características Descripción Ingredientes Condición alimentaria Información nutricional El pan tajado es un buen complemento para los desayunos y en cualquier hora del día. Disfruta su delicioso sabor. Este producto es vendido, facturado y entregado por Cencosud - Colombia Los precios de los productos pueden cambiar dependiendo de la región. Aplican Términos y Condiciones Desactivado Referencia : 0016832 Pan Comapan Extragrande x 750 g $ 10 , 18 x gr COMAPAN ☆ ☆ ☆ ☆ ☆ $ 7.632 $ 9.540 ¿Todavía no tienes tu Tarjeta Cencosud? Solicítala en línea, úsala y obtén un bono de $100.000 para una próxima compra . Aplican términos y condiciones. Solicítala aquí . Mejores ofertas -35% $ 6.201 -24% $ 7.250 Agregar Este producto es vendido, facturado y entregado por Cencosud - Colombia Los precios de los productos pueden cambiar dependiendo de la región. Aplican Términos y Condiciones Términos más buscados 1. kefir alpina 2. muebles 3. leche 4. leche alqueria 5. san jorge 6. papel higienico 7. arroz 8. cafe 9. cerveza 10. neveras",,10,,,,unknown,
ASESORAMOS TU COMPRA:,"ASESORAMOS TU COMPRA: 📞(601) 6672004, lun a sáb de 7am.a 7pm dom hasta las 6pm otras ciudades consulta aquí ¡Llámanos! ¿Cómo te gustaría que entreguemos tu pedido? ¿Qué estás buscando? Inicia sesión o regístrate Mi cuenta ¡Hola! Inicia sesión o regístrate Todas las categorías Supermercado Televisores y Audio Celulares Tecnología Electrodomésticos Mascotas Mundo bebés Hogar y decoración Ropa y Accesorios Salud y Bienestar Deportes y tiempo libre Juguetería Automóvil Herramientas y Ferretería Libros y Papelería Pinturas Pisos y Paredes Baños Jardín Especiales Ofertas Supermercado Electro Hogar y vestuario Servicios No has seleccionado ningún método de entrega aún. Seleccionar método de entrega Close Supermercado Panadería Y Pastelería Panadería Empacada Pan Bimbo vital frutos rojos x 460 g 1/1 Características Descripción Ingredientes Condición alimentaria Información nutricional Pan Bimbo, acompañando momentos desde generaciones atrás. Este producto es vendido, facturado y entregado por Cencosud - Colombia Los precios de los productos pueden cambiar dependiendo de la región. Aplican Términos y Condiciones Desactivado Referencia : 3255424 Pan Bimbo vital frutos rojos x 460 g $ 22 , 93 x gr BIMBO ☆ ☆ ☆ ☆ ☆ $ 10.550 ¿Todavía no tienes tu Tarjeta Cencosud? Solicítala en línea, úsala y obtén un bono de $100.000 para una próxima compra . Aplican términos y condiciones. Solicítala aquí . Este producto es vendido, facturado y entregado por Cencosud - Colombia Los precios de los productos pueden cambiar dependiendo de la región. Aplican Términos y Condiciones Términos más buscados 1. kefir alpina 2. muebles 3. leche 4. leche alqueria 5. san jorge 6. papel higienico 7. arroz 8. cafe 9. cerveza 10. neveras",,22,,,,unknown,
ASESORAMOS TU COMPRA:,"ASESORAMOS TU COMPRA: 📞(601) 6672004, lun a sáb de 7am.a 7pm dom hasta las 6pm otras ciudades consulta aquí ¡Llámanos! ¿Cómo te gustaría que entreguemos tu pedido? ¿Qué estás buscando? Inicia sesión o regístrate Mi cuenta ¡Hola! Inicia sesión o regístrate Todas las categorías Supermercado Televisores y Audio Celulares Tecnología Electrodomésticos Mascotas Mundo bebés Hogar y decoración Ropa y Accesorios Salud y Bienestar Deportes y tiempo libre Juguetería Automóvil Herramientas y Ferretería Libros y Papelería Pinturas Pisos y Paredes Baños Jardín Especiales Ofertas Supermercado Electro Hogar y vestuario Servicios No has seleccionado ningún método de entrega aún. Seleccionar método de entrega Close Supermercado Panadería Y Pastelería Panadería Empacada Pan Mauka sagu tajado sin gluten x450g 1/1 Características Descripción Ingredientes Condición alimentaria Información nutricional Lleva tu Pan Mauka sagu tajado sin gluten x450g Este producto es vendido, facturado y entregado por Cencosud - Colombia Los precios de los productos pueden cambiar dependiendo de la región. Aplican Términos y Condiciones Desactivado Referencia : 3445100 Pan Mauka sagu tajado sin gluten x450g $ 29 , 22 x gr MAUKA ☆ ☆ ☆ ☆ ☆ $ 13.150 ¿Todavía no tienes tu Tarjeta Cencosud? Solicítala en línea, úsala y obtén un bono de $100.000 para una próxima compra . Aplican términos y condiciones. Solicítala aquí . Mejores ofertas -15% $ 11.177 Agregar Este producto es vendido, facturado y entregado por Cencosud - Colombia Los precios de los productos pueden cambiar dependiendo de la región. Aplican Términos y Condiciones Términos más buscados 1. kefir alpina 2. muebles 3. leche 4. leche alqueria 5. san jorge 6. papel higienico 7. arroz 8. cafe 9. cerveza 10. neveras",,29,,,,unknown,
ASESORAMOS TU COMPRA:,"ASESORAMOS TU COMPRA: 📞(601) 6672004, lun a sáb de 7am.a 7pm dom hasta las 6pm otras ciudades consulta aquí ¡Llámanos! ¿Qué estás buscando? Inicia sesión o regístrate Mi cuenta ¡Hola! Inicia sesión o regístrate Supermercado Panadería Y Pastelería Panadería Empacada Pan blanco extra largo Santa Clara x 550 g Características principales Especificaciones técnicas Características Destacadas Tipo de Producto Pan de Molde Blanco EAN 7702766098118 Otras Características Origen Nacional Este producto es vendido, facturado y entregado por Cencosud - Colombia Los precios de los productos pueden cambiar dependiendo de la región. Aplican Términos y Condiciones Referencia : 0620253 Pan blanco extra largo Santa Clara x 550 g Cargando comentarios… $ 6.890 ¿Todavía no tienes tu Tarjeta Cencosud? Solicítala en línea, úsala y obtén un bono de $100.000 para una próxima compra . Aplican términos y condiciones. Solicítala aquí . Este producto es vendido, facturado y entregado por Cencosud - Colombia Los precios de los productos pueden cambiar dependiendo de la región. Aplican Términos y Condiciones",,6890,,,,unknown,
ASESORAMOS TU COMPRA:,"ASESORAMOS TU COMPRA: 📞(601) 6672004, lun a sáb de 7am.a 7pm dom hasta las 6pm otras ciudades consulta aquí ¡Llámanos! ¿Qué estás buscando? Inicia sesión o regístrate Mi cuenta ¡Hola! Inicia sesión o regístrate Supermercado Lácteos, Huevos Y Refrigerados Leche Leche Entera Alpina Bolsa x6 Und x1100ml Características principales Prueba la leche Alpina entera y disfruta de su delicioso sabor. Especificaciones técnicas Características Destacadas Marca ALPINA Tipo de Producto Leche Entera EAN 7702001041411 Otras Características Origen Nacional País de Origen Colombia Este producto es vendido, facturado y entregado por Cencosud - Colombia Los precios de los productos pueden cambiar dependiendo de la región. Aplican Términos y Condiciones APLICA PARA Referencia : 0460684 Leche Entera Alpina Bolsa x6 Und x1100ml ALPINA Cargando comentarios… $ 39.090 ¿Todavía no tienes tu Tarjeta Cencosud? Solicítala en línea, úsala y obtén un bono de $100.000 para una próxima compra . Aplican términos y condiciones. Solicítala aquí . Este producto es vendido, facturado y entregado por Cencosud - Colombia Los precios de los productos pueden cambiar dependiendo de la región. Aplican Términos y Condiciones",,39090,,,,unknown,
ASESORAMOS TU COMPRA:,"ASESORAMOS TU COMPRA: 📞(601) 6672004, lun a sáb de 7am.a 7pm dom hasta las 6pm otras ciudades consulta aquí ¡Llámanos! ¿Cómo te gustaría que entreguemos tu pedido? ¿Qué estás buscando? Inicia sesión o regístrate Mi cuenta ¡Hola! Inicia sesión o regístrate Todas las categorías Supermercado Televisores y Audio Celulares Tecnología Electrodomésticos Mascotas Mundo bebés Hogar y decoración Ropa y Accesorios Salud y Bienestar Deportes y tiempo libre Juguetería Automóvil Herramientas y Ferretería Libros y Papelería Pinturas Pisos y Paredes Baños Jardín Especiales Ofertas Supermercado Electro Hogar y vestuario Servicios No has seleccionado ningún método de entrega aún. Seleccionar método de entrega Close Supermercado Lácteos, Huevos Y Refrigerados Leche Leche Entera Colanta Bolsa x6 Und x1000ml 1/1 Características Descripción Buena fuente de proteina y calcio con un sabor inigualable. Combinala con cereales, tortas, galletas y más. Este producto es vendido, facturado y entregado por Cencosud - Colombia Los precios de los productos pueden cambiar dependiendo de la región. Aplican Términos y Condiciones Desactivado Referencia : 3509862 Leche Entera Colanta Bolsa x6 Und x1000ml $ 3 , 82 x ml COLANTA ★ ★ ★ ★ ★ (1) ★ ★ ★ ★ ★ $ 22.890 $ 30.350 ¿Todavía no tienes tu Tarjeta Cencosud? Solicítala en línea, úsala y obtén un bono de $100.000 para una próxima compra . Aplican términos y condiciones. Solicítala aquí . Mejores ofertas -28% $ 21.745 Agregar Este producto es vendido, facturado y entregado por Cencosud - Colombia Los precios de los productos pueden cambiar dependiendo de la región. Aplican Términos y Condiciones Términos más buscados 1. kefir alpina 2. muebles 3. leche 4. leche alqueria 5. san jorge 6. papel higienico 7. arroz 8. cafe 9. cerveza 10. neveras",,3,,,,unknown,
ASESORAMOS TU COMPRA:,"ASESORAMOS TU COMPRA: 📞(601) 6672004, lun a sáb de 7am.a 7pm dom hasta las 6pm otras ciudades consulta aquí ¡Llámanos! ¿Cómo te gustaría que entreguemos tu pedido? ¿Qué estás buscando? Inicia sesión o regístrate Mi cuenta ¡Hola! Inicia sesión o regístrate Todas las categorías Supermercado Televisores y Audio Celulares Tecnología Electrodomésticos Mascotas Mundo bebés Hogar y decoración Ropa y Accesorios Salud y Bienestar Deportes y tiempo libre Juguetería Automóvil Herramientas y Ferretería Libros y Papelería Pinturas Pisos y Paredes Baños Jardín Especiales Ofertas Supermercado Electro Hogar y vestuario Servicios No has seleccionado ningún método de entrega aún. Seleccionar método de entrega Close ¡Ups! No hay productos que coincidan con tu búsqueda. Te recomendamos que: Revisa la ortografía. Intentes utilizar una sola palabra. Pruebes con algún sinónimo. Hagas una búsqueda más genérica. Búsquedas frecuentes Televisores Smart TV Televisores 4K Barra de sonido Neveras y Nevecones Neveras inteligentes Mini neveras Congeladores Celulares y Smartwatch Smartphones Android Accesorios para celular Relojes deportivos Hogar y variedades Limpieza Cuidado personal Mascotas Despensa Bebidas Snacks Frutas y verduras Términos más buscados 1. kefir alpina 2. muebles 3. leche 4. leche alqueria 5. san jorge 6. papel higienico 7. arroz 8. cafe 9. cerveza 10. neveras",,,,,,unknown,
ASESORAMOS TU COMPRA:,"ASESORAMOS TU COMPRA: 📞(601) 6672004, lun a sáb de 7am.a 7pm dom hasta las 6pm otras ciudades consulta aquí ¡Llámanos! ¿Cómo te gustaría que entreguemos tu pedido? ¿Qué estás buscando? Inicia sesión o regístrate Mi cuenta ¡Hola! Inicia sesión o regístrate Todas las categorías Supermercado Televisores y Audio Celulares Tecnología Electrodomésticos Mascotas Mundo bebés Hogar y decoración Ropa y Accesorios Salud y Bienestar Deportes y tiempo libre Juguetería Automóvil Herramientas y Ferretería Libros y Papelería Pinturas Pisos y Paredes Baños Jardín Especiales Ofertas Supermercado Electro Hogar y vestuario Servicios No has seleccionado ningún método de entrega aún. Seleccionar método de entrega Close Supermercado Lácteos, Huevos Y Refrigerados Leche Leche Entera Máxima Bolsa x900ml 1/1 Características Descripción Disfruta de su rico sabor y combinala con lo que más te guste. Este producto es vendido, facturado y entregado por Cencosud - Colombia Los precios de los productos pueden cambiar dependiendo de la región. Aplican Términos y Condiciones Desactivado Referencia : 0906769 Leche Entera Máxima Bolsa x900ml $ 4 , 11 x ml MAXIMA MP ☆ ☆ ☆ ☆ ☆ $ 3.700 ¿Todavía no tienes tu Tarjeta Cencosud? Solicítala en línea, úsala y obtén un bono de $100.000 para una próxima compra . Aplican términos y condiciones. Solicítala aquí . Agregar Este producto es vendido, facturado y entregado por Cencosud - Colombia Los precios de los productos pueden cambiar dependiendo de la región. Aplican Términos y Condiciones Términos más buscados 1. kefir alpina 2. muebles 3. leche 4. leche alqueria 5. san jorge 6. papel higienico 7. arroz 8. cafe 9. cerveza 10. neveras",,4,,,,unknown,
ASESORAMOS TU COMPRA:,"ASESORAMOS TU COMPRA: 📞(601) 6672004, lun a sáb de 7am.a 7pm dom hasta las 6pm otras ciudades consulta aquí ¡Llámanos! ¿Cómo te gustaría que entreguemos tu pedido? ¿Qué estás buscando? Inicia sesión o regístrate Mi cuenta ¡Hola! Inicia sesión o regístrate Todas las categorías Supermercado Televisores y Audio Celulares Tecnología Electrodomésticos Mascotas Mundo bebés Hogar y decoración Ropa y Accesorios Salud y Bienestar Deportes y tiempo libre Juguetería Automóvil Herramientas y Ferretería Libros y Papelería Pinturas Pisos y Paredes Baños Jardín Especiales Ofertas Supermercado Electro Hogar y vestuario Servicios No has seleccionado ningún método de entrega aún. Seleccionar método de entrega Close Supermercado Frutas Y Verduras Hortalizas Tomate Larga Vida x 500gr 1/1 Características Descripción Disfruta con tu familia y amigos todas las deliciosas recetas, que puedes preparar con los productos que encuentras en nuestras tienda jumbo .com Este producto es vendido, facturado y entregado por Cencosud - Colombia Los precios de los productos pueden cambiar dependiendo de la región. Aplican Términos y Condiciones Desactivado Referencia : 0000259 Tomate Larga Vida x 500gr $ 9 , 98 x gr CENCOSUD ☆ ☆ ☆ ☆ ☆ $ 4.990 ¿Todavía no tienes tu Tarjeta Cencosud? Solicítala en línea, úsala y obtén un bono de $100.000 para una próxima compra . Aplican términos y condiciones. Solicítala aquí . Agregar Este producto es vendido, facturado y entregado por Cencosud - Colombia Los precios de los productos pueden cambiar dependiendo de la región. Aplican Términos y Condiciones Términos más buscados 1. kefir alpina 2. muebles 3. leche 4. leche alqueria 5. san jorge 6. papel higienico 7. arroz 8. cafe 9. cerveza 10. neveras",,9,,,,unknown,
¡Nueva tarjeta de crédito HEB Afirme!,"¡Nueva tarjeta de crédito HEB Afirme! Consigue la tuya aquí Elige método de entrega Buscar productos Mis listas Mis pedidos Iniciar sesión $0 Pasillos Promociones exclusivas con Nuevos Productos Vive Saludable Mascotas Exclusivos en línea Live Promociones Lácteos y huevo Huevo Huevo Mediano 30 Pz Huevo Mediano 30 Pz ☆ ☆ ☆ ☆ ☆ (0) Por favor, inicia sesión para escribir un comentario. MI TIENDA Referencia : 821862 $84.50 . ＋ － Agregar Beneficio PRIME: -5% de descuento Este descuento especial está disponible solo para miembros PRIME. Promociones bancarias Obtén un 5% de cashback en todas tus compras en heb.com.mx y nuestra app con la tarjeta de crédito HEB Afirme . Solicítala aquí Métodos de entrega Pick&Go Delivery Compartir Reseñas Comentarios ☆ ☆ ☆ ☆ ☆ 0 Calificación promedio (0 comentarios) Por favor, inicia sesión para escribir un comentario. Más reciente Ordenar por: Más reciente Más antiguo Calificación más alta Calificación más baja Todos Filtrar por: Todos 1 estrella 2 estrellas 3 estrellas 4 estrellas 5 estrellas No hay comentarios. Suscríbete a nuestro Newsletter y entérate de las ofertas y lanzamientos. Suscríbete a nuestro Newsletter y entérate de las ofertas y lanzamientos. Suscríbete Aviso de Privacidad | Términos y Condiciones | Politica de Devoluciones | Términos y Condiciones: Cupones y Promociones | Promociones Bancarias © 2024 H-E-B México - TODOS LOS DERECHOS RESERVADOS",,0,,,,unknown,
ASESORAMOS TU COMPRA:,"ASESORAMOS TU COMPRA: 📞(601) 6672004, lun a sáb de 7am.a 7pm dom hasta las 6pm otras ciudades consulta aquí ¡Llámanos! ¿Cómo te gustaría que entreguemos tu pedido? ¿Qué estás buscando? Inicia sesión o regístrate Mi cuenta ¡Hola! Inicia sesión o regístrate Todas las categorías Supermercado Televisores y Audio Celulares Tecnología Electrodomésticos Mascotas Mundo bebés Hogar y decoración Ropa y Accesorios Salud y Bienestar Deportes y tiempo libre Juguetería Automóvil Herramientas y Ferretería Libros y Papelería Pinturas Pisos y Paredes Baños Jardín Especiales Ofertas Supermercado Electro Hogar y vestuario Servicios No has seleccionado ningún método de entrega aún. Seleccionar método de entrega Close Supermercado Frutas Y Verduras Hortalizas Tomate chonto x 500gr 1/1 Características Descripción Disfruta con tu familia y amigos todas las deliciosas recetas, que puedes preparar con los productos que encuentras en nuestras tienda jumbo .com Este producto es vendido, facturado y entregado por Cencosud - Colombia Los precios de los productos pueden cambiar dependiendo de la región. Aplican Términos y Condiciones Desactivado Referencia : 0002432 Tomate chonto x 500gr $ 5 x gr A GRANEL ★ ★ ★ ☆ ☆ (3) ★ ★ ★ ☆ ☆ $ 2.500 ¿Todavía no tienes tu Tarjeta Cencosud? Solicítala en línea, úsala y obtén un bono de $100.000 para una próxima compra . Aplican términos y condiciones. Solicítala aquí . Agregar Este producto es vendido, facturado y entregado por Cencosud - Colombia Los precios de los productos pueden cambiar dependiendo de la región. Aplican Términos y Condiciones Términos más buscados 1. kefir alpina 2. muebles 3. leche 4. leche alqueria 5. san jorge 6. papel higienico 7. arroz 8. cafe 9. cerveza 10. neveras",,5,,,,unknown,
ASESORAMOS TU COMPRA:,"ASESORAMOS TU COMPRA: 📞(601) 6672004, lun a sáb de 7am.a 7pm dom hasta las 6pm otras ciudades consulta aquí ¡Llámanos! ¿Cómo te gustaría que entreguemos tu pedido? ¿Qué estás buscando? Inicia sesión o regístrate Mi cuenta ¡Hola! Inicia sesión o regístrate Todas las categorías Ofertas Supermercado Electro Hogar y vestuario Servicios No has seleccionado ningún método de entrega aún. Seleccionar método de entrega Close Supermercado Frutas Y Verduras Hortalizas Tomate Frescocampo kosher x 1000 gr 1/1 Características Descripción Acompaña tus comidas favoritas y comparte junto a los que más aprecias, hechas con los mejores estándares de calidad que te trae jumbo. Este producto es vendido, facturado y entregado por Cencosud - Colombia Los precios de los productos pueden cambiar dependiendo de la región. Aplican Términos y Condiciones Desactivado Referencia : 0821572 Tomate Frescocampo kosher x 1000 gr $ 19 , 49 x gr DISTRIBUIDORA DE ALIMENTOS NO ☆ ☆ ☆ ☆ ☆ $ 19.490 ¿Todavía no tienes tu Tarjeta Cencosud? Solicítala en línea, úsala y obtén un bono de $100.000 para una próxima compra . Aplican términos y condiciones. Solicítala aquí . Agregar Este producto es vendido, facturado y entregado por Cencosud - Colombia Los precios de los productos pueden cambiar dependiendo de la región. Aplican Términos y Condiciones Términos más buscados 1. kefir alpina 2. muebles 3. leche 4. leche alqueria 5. san jorge 6. papel higienico 7. arroz 8. cafe 9. cerveza 10. neveras",,19,,,,unknown,
ASESORAMOS TU COMPRA:,"ASESORAMOS TU COMPRA: 📞(601) 6672004, lun a sáb de 7am.a 7pm dom hasta las 6pm otras ciudades consulta aquí ¡Llámanos! ¿Cómo te gustaría que entreguemos tu pedido? ¿Qué estás buscando? Inicia sesión o regístrate Mi cuenta ¡Hola! Inicia sesión o regístrate Todas las categorías Supermercado Televisores y Audio Celulares Tecnología Electrodomésticos Mascotas Mundo bebés Hogar y decoración Ropa y Accesorios Salud y Bienestar Deportes y tiempo libre Juguetería Automóvil Herramientas y Ferretería Libros y Papelería Pinturas Pisos y Paredes Baños Jardín Especiales Ofertas Supermercado Electro Hogar y vestuario Servicios No has seleccionado ningún método de entrega aún. Seleccionar método de entrega Close Supermercado Frutas Y Verduras Frutas Banano Urabá x 500 gr 1/1 Características Descripción Disfruta de una deliciosa fruto ideal para alimentar tu cuerpo con propiedades de gran beneficio. Este producto es vendido, facturado y entregado por Cencosud - Colombia Los precios de los productos pueden cambiar dependiendo de la región. Aplican Términos y Condiciones Desactivado Referencia : 0011567 Banano Urabá x 500 gr $ 3 , 68 x gr CENCOSUD ☆ ☆ ☆ ☆ ☆ $ 1.840 ¿Todavía no tienes tu Tarjeta Cencosud? Solicítala en línea, úsala y obtén un bono de $100.000 para una próxima compra . Aplican términos y condiciones. Solicítala aquí . Agregar Este producto es vendido, facturado y entregado por Cencosud - Colombia Los precios de los productos pueden cambiar dependiendo de la región. Aplican Términos y Condiciones Términos más buscados 1. kefir alpina 2. muebles 3. leche 4. leche alqueria 5. san jorge 6. papel higienico 7. arroz 8. cafe 9. cerveza 10. neveras",,3,,,,unknown,
ASESORAMOS TU COMPRA:,"ASESORAMOS TU COMPRA: 📞(601) 6672004, lun a sáb de 7am.a 7pm dom hasta las 6pm otras ciudades consulta aquí ¡Llámanos! ¿Cómo te gustaría que entreguemos tu pedido? ¿Qué estás buscando? Inicia sesión o regístrate Mi cuenta ¡Hola! Inicia sesión o regístrate Todas las categorías Supermercado Televisores y Audio Celulares Tecnología Electrodomésticos Mascotas Mundo bebés Hogar y decoración Ropa y Accesorios Salud y Bienestar Deportes y tiempo libre Juguetería Automóvil Herramientas y Ferretería Libros y Papelería Pinturas Pisos y Paredes Baños Jardín Especiales Ofertas Supermercado Electro Hogar y vestuario Servicios No has seleccionado ningún método de entrega aún. Seleccionar método de entrega Close Supermercado Frutas Y Verduras Frutas Banano Deshidratado x 200 gr 1/2 Características Descripción Consume estos deliciosos frutos secos o emplealos para acompañar tus preparaciones favoritas, aprovecha los beneficios que estos brindan a tu cuerpo y pidelo ahora en tiendasjumbo.co Este producto es vendido, facturado y entregado por Cencosud - Colombia Los precios de los productos pueden cambiar dependiendo de la región. Aplican Términos y Condiciones Desactivado Referencia : 0786758 Banano Deshidratado x 200 gr $ 59 , 9 x gr INSUALIMENTOS ☆ ☆ ☆ ☆ ☆ $ 11.980 ¿Todavía no tienes tu Tarjeta Cencosud? Solicítala en línea, úsala y obtén un bono de $100.000 para una próxima compra . Aplican términos y condiciones. Solicítala aquí . Agregar Este producto es vendido, facturado y entregado por Cencosud - Colombia Los precios de los productos pueden cambiar dependiendo de la región. Aplican Términos y Condiciones Términos más buscados 1. kefir alpina 2. muebles 3. leche 4. leche alqueria 5. san jorge 6. papel higienico 7. arroz 8. cafe 9. cerveza 10. neveras",,59,,,,unknown,
ASESORAMOS TU COMPRA:,"ASESORAMOS TU COMPRA: 📞(601) 6672004, lun a sáb de 7am.a 7pm dom hasta las 6pm otras ciudades consulta aquí ¡Llámanos! ¿Cómo te gustaría que entreguemos tu pedido? ¿Qué estás buscando? Inicia sesión o regístrate Mi cuenta ¡Hola! Inicia sesión o regístrate Todas las categorías Supermercado Televisores y Audio Celulares Tecnología Electrodomésticos Mascotas Mundo bebés Hogar y decoración Ropa y Accesorios Salud y Bienestar Deportes y tiempo libre Juguetería Automóvil Herramientas y Ferretería Libros y Papelería Pinturas Pisos y Paredes Baños Jardín Especiales Ofertas Supermercado Electro Hogar y vestuario Servicios No has seleccionado ningún método de entrega aún. Seleccionar método de entrega Close Supermercado Frutas Y Verduras Hortalizas Cebolla cabezona a granel x 500gr 1/1 Características principales Disfruta de una deliciosa Cebolla cabezona, sorprende con buenas recetas a tus seres queridos. Especificaciones técnicas Características Destacadas Tipo de Producto Cebollas EAN 185 Otras Características Origen Nacional Este producto es vendido, facturado y entregado por Cencosud - Colombia Los precios de los productos pueden cambiar dependiendo de la región. Aplican Términos y Condiciones Desactivado Referencia : 0002429 Cebolla cabezona a granel x 500gr A GRANEL ★ ★ ★ ☆ ☆ (2) ★ ★ ★ ☆ ☆ $ 3.290 ¿Todavía no tienes tu Tarjeta Cencosud? Solicítala en línea, úsala y obtén un bono de $100.000 para una próxima compra . Aplican términos y condiciones. Solicítala aquí . Agregar Este producto es vendido, facturado y entregado por Cencosud - Colombia Los precios de los productos pueden cambiar dependiendo de la región. Aplican Términos y Condiciones Términos más buscados 1. kefir alpina 2. muebles 3. leche 4. leche alqueria 5. san jorge 6. papel higienico 7. arroz 8. cafe 9. cerveza 10. neveras",,3290,,,,unknown,
ASESORAMOS TU COMPRA:,"ASESORAMOS TU COMPRA: 📞(601) 6672004, lun a sáb de 7am.a 7pm dom hasta las 6pm otras ciudades consulta aquí ¡Llámanos! ¿Cómo te gustaría que entreguemos tu pedido? ¿Qué estás buscando? Inicia sesión o regístrate Mi cuenta ¡Hola! Inicia sesión o regístrate Todas las categorías Supermercado Televisores y Audio Celulares Tecnología Electrodomésticos Mascotas Mundo bebés Hogar y decoración Ropa y Accesorios Salud y Bienestar Deportes y tiempo libre Juguetería Automóvil Herramientas y Ferretería Libros y Papelería Pinturas Pisos y Paredes Baños Jardín Especiales Ofertas Supermercado Electro Hogar y vestuario Servicios No has seleccionado ningún método de entrega aún. Seleccionar método de entrega Close Supermercado Frutas Y Verduras Hortalizas Cebolla cabezona malla x2000gr 1/1 Características Descripción Este producto no puede faltar en tu cocina, disfruta de todo su sabor. Este producto es vendido, facturado y entregado por Cencosud - Colombia Los precios de los productos pueden cambiar dependiendo de la región. Aplican Términos y Condiciones Desactivado Referencia : 0225307 Cebolla cabezona malla x2000gr $ 9 x gr CENCOSUD ☆ ☆ ☆ ☆ ☆ $ 17.990 ¿Todavía no tienes tu Tarjeta Cencosud? Solicítala en línea, úsala y obtén un bono de $100.000 para una próxima compra . Aplican términos y condiciones. Solicítala aquí . Agregar Este producto es vendido, facturado y entregado por Cencosud - Colombia Los precios de los productos pueden cambiar dependiendo de la región. Aplican Términos y Condiciones Términos más buscados 1. kefir alpina 2. muebles 3. leche 4. leche alqueria 5. san jorge 6. papel higienico 7. arroz 8. cafe 9. cerveza 10. neveras",,9,,,,unknown,
ASESORAMOS TU COMPRA:,"ASESORAMOS TU COMPRA: 📞(601) 6672004, lun a sáb de 7am.a 7pm dom hasta las 6pm otras ciudades consulta aquí ¡Llámanos! ¿Cómo te gustaría que entreguemos tu pedido? ¿Qué estás buscando? Inicia sesión o regístrate Mi cuenta ¡Hola! Inicia sesión o regístrate Todas las categorías Supermercado Televisores y Audio Celulares Tecnología Electrodomésticos Mascotas Mundo bebés Hogar y decoración Ropa y Accesorios Salud y Bienestar Deportes y tiempo libre Juguetería Automóvil Herramientas y Ferretería Libros y Papelería Pinturas Pisos y Paredes Baños Jardín Especiales Ofertas Supermercado Electro Hogar y vestuario Servicios No has seleccionado ningún método de entrega aún. Seleccionar método de entrega Close Supermercado Frutas Y Verduras Hortalizas Cebolla Cabezona Frescocampo Kosher x 1000gr 1/1 Características Descripción Acompaña tus comidas favoritas y comparte junto a los que más aprecias, hechas con los mejores estándares de calidad que te trae jumbo. Este producto es vendido, facturado y entregado por Cencosud - Colombia Los precios de los productos pueden cambiar dependiendo de la región. Aplican Términos y Condiciones Desactivado Referencia : 0906601 Cebolla Cabezona Frescocampo Kosher x 1000gr $ 17 , 99 x gr DISTRIBUIDORA DE ALIMENTOS NO ☆ ☆ ☆ ☆ ☆ $ 17.990 ¿Todavía no tienes tu Tarjeta Cencosud? Solicítala en línea, úsala y obtén un bono de $100.000 para una próxima compra . Aplican términos y condiciones. Solicítala aquí . Agregar Este producto es vendido, facturado y entregado por Cencosud - Colombia Los precios de los productos pueden cambiar dependiendo de la región. Aplican Términos y Condiciones Términos más buscados 1. kefir alpina 2. muebles 3. leche 4. leche alqueria 5. san jorge 6. papel higienico 7. arroz 8. cafe 9. cerveza 10. neveras",,17,,,,unknown,
ASESORAMOS TU COMPRA:,"ASESORAMOS TU COMPRA: 📞(601) 6672004, lun a sáb de 7am.a 7pm dom hasta las 6pm otras ciudades consulta aquí ¡Llámanos! ¿Qué estás buscando? Inicia sesión o regístrate Mi cuenta ¡Hola! Inicia sesión o regístrate Supermercado Frutas Y Verduras Hortalizas Papa capira x 500gr Características principales Lleva a tu casa lo mejor en frutas y hortalizas, han sido seleccionadas y clasificadas con los estándares de calidad que te ofrece Jumbo. Este producto es vendido, facturado y entregado por Cencosud - Colombia Los precios de los productos pueden cambiar dependiendo de la región. Aplican Términos y Condiciones Desactivado Referencia : 0090135 Papa capira x 500gr Cargando comentarios… $ 1.690 ¿Todavía no tienes tu Tarjeta Cencosud? Solicítala en línea, úsala y obtén un bono de $100.000 para una próxima compra . Aplican términos y condiciones. Solicítala aquí . Este producto es vendido, facturado y entregado por Cencosud - Colombia Los precios de los productos pueden cambiar dependiendo de la región. Aplican Términos y Condiciones",,1690,,,,unknown,
ASESORAMOS TU COMPRA:,"ASESORAMOS TU COMPRA: 📞(601) 6672004, lun a sáb de 7am.a 7pm dom hasta las 6pm otras ciudades consulta aquí ¡Llámanos! ¿Cómo te gustaría que entreguemos tu pedido? ¿Qué estás buscando? Inicia sesión o regístrate Mi cuenta ¡Hola! Inicia sesión o regístrate Todas las categorías Supermercado Televisores y Audio Celulares Tecnología Electrodomésticos Mascotas Mundo bebés Hogar y decoración Ropa y Accesorios Salud y Bienestar Deportes y tiempo libre Juguetería Automóvil Herramientas y Ferretería Libros y Papelería Pinturas Pisos y Paredes Baños Jardín Especiales Ofertas Supermercado Electro Hogar y vestuario Servicios No has seleccionado ningún método de entrega aún. Seleccionar método de entrega Close Supermercado Frutas Y Verduras Hortalizas Papa parda pastusa x500gr 1/1 Características Descripción Lleva a tu casa lo mejor en frutas y hortalizas, que han sido seleccionadas y clasificadas, con los mejores estándares de calidad que te ofrece Jumbo.co Este producto es vendido, facturado y entregado por Cencosud - Colombia Los precios de los productos pueden cambiar dependiendo de la región. Aplican Términos y Condiciones Desactivado Referencia : 0059548 Papa parda pastusa x500gr $ 3 , 58 x gr A GRANEL ☆ ☆ ☆ ☆ ☆ $ 1.790 ¿Todavía no tienes tu Tarjeta Cencosud? Solicítala en línea, úsala y obtén un bono de $100.000 para una próxima compra . Aplican términos y condiciones. Solicítala aquí . Agregar Este producto es vendido, facturado y entregado por Cencosud - Colombia Los precios de los productos pueden cambiar dependiendo de la región. Aplican Términos y Condiciones Términos más buscados 1. kefir alpina 2. muebles 3. leche 4. leche alqueria 5. san jorge 6. papel higienico 7. arroz 8. cafe 9. cerveza 10. neveras",,3,,,,unknown,
ASESORAMOS TU COMPRA:,"ASESORAMOS TU COMPRA: 📞(601) 6672004, lun a sáb de 7am.a 7pm dom hasta las 6pm otras ciudades consulta aquí ¡Llámanos! ¿Cómo te gustaría que entreguemos tu pedido? ¿Qué estás buscando? Inicia sesión o regístrate Mi cuenta ¡Hola! Inicia sesión o regístrate Todas las categorías Supermercado Televisores y Audio Celulares Tecnología Electrodomésticos Mascotas Mundo bebés Hogar y decoración Ropa y Accesorios Salud y Bienestar Deportes y tiempo libre Juguetería Automóvil Herramientas y Ferretería Libros y Papelería Pinturas Pisos y Paredes Baños Jardín Especiales Ofertas Supermercado Electro Hogar y vestuario Servicios No has seleccionado ningún método de entrega aún. Seleccionar método de entrega Close Supermercado Frutas Y Verduras Hortalizas Papa pastusa x 2500gr 1/1 Características Descripción Disfruta con tu familia y amigos todas las deliciosas recetas que puedes preparar con los productos más frescos que traemos para ti. Este producto es vendido, facturado y entregado por Cencosud - Colombia Los precios de los productos pueden cambiar dependiendo de la región. Aplican Términos y Condiciones Desactivado Referencia : 0258508 Papa pastusa x 2500gr $ 2 x gr MAXIMA MP ☆ ☆ ☆ ☆ ☆ $ 4.990 $ 8.290 ¿Todavía no tienes tu Tarjeta Cencosud? Solicítala en línea, úsala y obtén un bono de $100.000 para una próxima compra . Aplican términos y condiciones. Solicítala aquí . Agregar Este producto es vendido, facturado y entregado por Cencosud - Colombia Los precios de los productos pueden cambiar dependiendo de la región. Aplican Términos y Condiciones Términos más buscados 1. kefir alpina 2. muebles 3. leche 4. leche alqueria 5. san jorge 6. papel higienico 7. arroz 8. cafe 9. cerveza 10. neveras",,2,,,,unknown,
¡Nueva tarjeta de crédito HEB Afirme!,"¡Nueva tarjeta de crédito HEB Afirme! Consigue la tuya aquí Elige método de entrega Buscar productos Mis listas Mis pedidos Iniciar sesión $0 Pasillos Promociones exclusivas con Nuevos Productos Vive Saludable Mascotas Exclusivos en línea Live Promociones Horneado y Repostería Harinas Harina de Trigo Extra Fina 1 Kg Harina de Trigo Extra Fina 1 Kg ☆ ☆ ☆ ☆ ☆ (0) Por favor, inicia sesión para escribir un comentario. SELECTA Referencia : 5342 $18.00 . ＋ － Agregar Promociones bancarias Obtén un 5% de cashback en todas tus compras en heb.com.mx y nuestra app con la tarjeta de crédito HEB Afirme . Solicítala aquí Métodos de entrega Pick&Go Delivery Compartir Descripción Características Reseñas Tipo de producto Harina de trigo Marca Selecta Denominación/Variedad Extra fina Contenido neto 1 kg Presentación Bolsa Advertencias de almacenamiento Conservar en un lugar fresco y seco Ingredientes Harina de trigo (gluten de trigo), adicionada con ácido fólico (vitamina B9), zinc (óxido de zinc) y hierro (fumarato ferroso), restituida con vitamina B1 (mononitrato de tiamina), vitamina B2 (riboflavina) y vitamina B3 (niacina), peróxido de benzoilo, ácido L-ascórbico, azodicarbonamida y enzimas. Este producto contiene gluten Alérgenos declarados Gluten Denominación dietética Adicionada con ácido fólico, zinc y hierro. Restituida con vitamina B1, B2 Y B3 Porción sugerida 100 g Porciones por envase 10 Energía por 100 g 340.1 Kcal Proteínas totales por 100 g 10 g Grasas totales por 100 g 0.9 g Carbohidratos totales por 100 g 77 g Azúcares totales por 100 g 0.2 g Sodio por 100 g 9 mg Energía por porción 340.1 Kcal Proteínas totales por porción 10 g Grasas totales por porción 0.9 g Carbohidratos totales por porción 77 g Azúcares totales por porción 0.2 g Sodio por porción 9 mg Suscríbete a nuestro Newsletter y entérate de las ofertas y lanzamientos. Suscríbete a nuestro Newsletter y entérate de las ofertas y lanzamientos. Suscríbete Aviso de Privacidad | Términos y Condiciones | Politica ",,0,,,,unknown,
ASESORAMOS TU COMPRA:,"ASESORAMOS TU COMPRA: 📞(601) 6672004, lun a sáb de 7am.a 7pm dom hasta las 6pm otras ciudades consulta aquí ¡Llámanos! ¿Cómo te gustaría que entreguemos tu pedido? ¿Qué estás buscando? Inicia sesión o regístrate Mi cuenta ¡Hola! Inicia sesión o regístrate Todas las categorías Supermercado Televisores y Audio Celulares Tecnología Electrodomésticos Mascotas Mundo bebés Hogar y decoración Ropa y Accesorios Salud y Bienestar Deportes y tiempo libre Juguetería Automóvil Herramientas y Ferretería Libros y Papelería Pinturas Pisos y Paredes Baños Jardín Especiales Ofertas Supermercado Electro Hogar y vestuario Servicios No has seleccionado ningún método de entrega aún. Seleccionar método de entrega Close Supermercado Platos Preparados Papas, Yucas Y Patacones Papa McCain rapipapa rustica x1000g 1/1 Características Descripción Las papas McCain son las mejores para acompañar tus antojos y platos especiales Este producto es vendido, facturado y entregado por Cencosud - Colombia Los precios de los productos pueden cambiar dependiendo de la región. Aplican Términos y Condiciones APLICA PARA Referencia : 3364715 Papa McCain rapipapa rustica x1000g $ 26 , 39 x gr MC CAIN ☆ ☆ ☆ ☆ ☆ $ 26.390 ¿Todavía no tienes tu Tarjeta Cencosud? Solicítala en línea, úsala y obtén un bono de $100.000 para una próxima compra . Aplican términos y condiciones. Solicítala aquí . Mejores ofertas -5% $ 25.070 Agregar Este producto es vendido, facturado y entregado por Cencosud - Colombia Los precios de los productos pueden cambiar dependiendo de la región. Aplican Términos y Condiciones Términos más buscados 1. kefir alpina 2. muebles 3. leche 4. leche alqueria 5. san jorge 6. papel higienico 7. arroz 8. cafe 9. cerveza 10. neveras",,26,,,,unknown,
ASESORAMOS TU COMPRA:,"ASESORAMOS TU COMPRA: 📞(601) 6672004, lun a sáb de 7am.a 7pm dom hasta las 6pm otras ciudades consulta aquí ¡Llámanos! ¿Cómo te gustaría que entreguemos tu pedido? ¿Qué estás buscando? Inicia sesión o regístrate Mi cuenta ¡Hola! Inicia sesión o regístrate Todas las categorías Ofertas Supermercado Electro Hogar y vestuario Servicios No has seleccionado ningún método de entrega aún. Seleccionar método de entrega Close Supermercado Lácteos, Huevos Y Refrigerados Queso Queso blanco Colanta bloque x500g 1/3 Características Descripción Ingredientes Condición alimentaria Información nutricional Acompaña tus comidas con el delicioso sabor del queso Colanta. Fresco, rico y versatil. Este producto es vendido, facturado y entregado por Cencosud - Colombia Los precios de los productos pueden cambiar dependiendo de la región. Aplican Términos y Condiciones Referencia : 0019252 Queso blanco Colanta bloque x500g $ 27 , 37 x gr COLANTA ☆ ☆ ☆ ☆ ☆ $ 13.685 $ 16.100 ¿Todavía no tienes tu Tarjeta Cencosud? Solicítala en línea, úsala y obtén un bono de $100.000 para una próxima compra . Aplican términos y condiciones. Solicítala aquí . Mejores ofertas -25% $ 12.075 -19% $ 13.000 Agregar Este producto es vendido, facturado y entregado por Cencosud - Colombia Los precios de los productos pueden cambiar dependiendo de la región. Aplican Términos y Condiciones Términos más buscados 1. kefir alpina 2. muebles 3. leche 4. leche alqueria 5. san jorge 6. papel higienico 7. arroz 8. cafe 9. cerveza 10. neveras",,27,,,,unknown,
ASESORAMOS TU COMPRA:,"ASESORAMOS TU COMPRA: 📞(601) 6672004, lun a sáb de 7am.a 7pm dom hasta las 6pm otras ciudades consulta aquí ¡Llámanos! ¿Cómo te gustaría que entreguemos tu pedido? ¿Qué estás buscando? Inicia sesión o regístrate Mi cuenta ¡Hola! Inicia sesión o regístrate Todas las categorías Supermercado Televisores y Audio Celulares Tecnología Electrodomésticos Mascotas Mundo bebés Hogar y decoración Ropa y Accesorios Salud y Bienestar Deportes y tiempo libre Juguetería Automóvil Herramientas y Ferretería Libros y Papelería Pinturas Pisos y Paredes Baños Jardín Especiales Ofertas Supermercado Electro Hogar y vestuario Servicios No has seleccionado ningún método de entrega aún. Seleccionar método de entrega Close Supermercado Lácteos, Huevos Y Refrigerados Queso Queso mozarella Alpina 25 tajadas x400g 1/1 Características Descripción Ingredientes Condición alimentaria Información nutricional Prepara y disfruta deliciosas recetas con queso mozarella Alpina. Este producto es vendido, facturado y entregado por Cencosud - Colombia Los precios de los productos pueden cambiar dependiendo de la región. Aplican Términos y Condiciones Desactivado Referencia : 0098841 Queso mozarella Alpina 25 tajadas x400g $ 56 , 38 x gr ALPINA ☆ ☆ ☆ ☆ ☆ $ 22.550 ¿Todavía no tienes tu Tarjeta Cencosud? Solicítala en línea, úsala y obtén un bono de $100.000 para una próxima compra . Aplican términos y condiciones. Solicítala aquí . Agregar Este producto es vendido, facturado y entregado por Cencosud - Colombia Los precios de los productos pueden cambiar dependiendo de la región. Aplican Términos y Condiciones Términos más buscados 1. kefir alpina 2. muebles 3. leche 4. leche alqueria 5. san jorge 6. papel higienico 7. arroz 8. cafe 9. cerveza 10. neveras",,56,,,,unknown,
ASESORAMOS TU COMPRA:,"ASESORAMOS TU COMPRA: 📞(601) 6672004, lun a sáb de 7am.a 7pm dom hasta las 6pm otras ciudades consulta aquí ¡Llámanos! ¿Cómo te gustaría que entreguemos tu pedido? ¿Qué estás buscando? Inicia sesión o regístrate Mi cuenta ¡Hola! Inicia sesión o regístrate Todas las categorías Supermercado Televisores y Audio Celulares Tecnología Electrodomésticos Mascotas Mundo bebés Hogar y decoración Ropa y Accesorios Salud y Bienestar Deportes y tiempo libre Juguetería Automóvil Herramientas y Ferretería Libros y Papelería Pinturas Pisos y Paredes Baños Jardín Especiales Ofertas Supermercado Electro Hogar y vestuario Servicios No has seleccionado ningún método de entrega aún. Seleccionar método de entrega Close Supermercado Lácteos, Huevos Y Refrigerados Queso Queso mozarella Superior tajado x400g 1/1 Características Descripción Queso fresco, semiblando y semiduro para disfrutar a cualquier hora del día. Este producto es vendido, facturado y entregado por Cencosud - Colombia Los precios de los productos pueden cambiar dependiendo de la región. Aplican Términos y Condiciones Desactivado Referencia : 3563010 Queso mozarella Superior tajado x400g $ 41 , 48 x gr SUPERIOR ☆ ☆ ☆ ☆ ☆ $ 16.590 ¿Todavía no tienes tu Tarjeta Cencosud? Solicítala en línea, úsala y obtén un bono de $100.000 para una próxima compra . Aplican términos y condiciones. Solicítala aquí . Agregar Este producto es vendido, facturado y entregado por Cencosud - Colombia Los precios de los productos pueden cambiar dependiendo de la región. Aplican Términos y Condiciones Términos más buscados 1. kefir alpina 2. muebles 3. leche 4. leche alqueria 5. san jorge 6. papel higienico 7. arroz 8. cafe 9. cerveza 10. neveras",,41,,,,unknown,
ASESORAMOS TU COMPRA:,"ASESORAMOS TU COMPRA: 📞(601) 6672004, lun a sáb de 7am.a 7pm dom hasta las 6pm otras ciudades consulta aquí ¡Llámanos! ¿Cómo te gustaría que entreguemos tu pedido? ¿Qué estás buscando? Inicia sesión o regístrate Mi cuenta ¡Hola! Inicia sesión o regístrate Todas las categorías Supermercado Televisores y Audio Celulares Tecnología Electrodomésticos Mascotas Mundo bebés Hogar y decoración Ropa y Accesorios Salud y Bienestar Deportes y tiempo libre Juguetería Automóvil Herramientas y Ferretería Libros y Papelería Pinturas Pisos y Paredes Baños Jardín Especiales Ofertas Supermercado Electro Hogar y vestuario Servicios No has seleccionado ningún método de entrega aún. Seleccionar método de entrega Close Supermercado Lácteos, Huevos Y Refrigerados Queso Queso campo real mozzarella tajado x500g 1/1 Características Descripción Prueba el irresistible sabor del queso mozzarella Campo Real y combínalo con lo que más te guste. Este producto es vendido, facturado y entregado por Cencosud - Colombia Los precios de los productos pueden cambiar dependiendo de la región. Aplican Términos y Condiciones Referencia : 3551925 Queso campo real mozzarella tajado x500g $ 40 , 3 x gr CAMPO REAL ☆ ☆ ☆ ☆ ☆ $ 20.152 $ 25.190 ¿Todavía no tienes tu Tarjeta Cencosud? Solicítala en línea, úsala y obtén un bono de $100.000 para una próxima compra . Aplican términos y condiciones. Solicítala aquí . Mejores ofertas -35% $ 16.373 -24% $ 19.144 Agregar Este producto es vendido, facturado y entregado por Cencosud - Colombia Los precios de los productos pueden cambiar dependiendo de la región. Aplican Términos y Condiciones Términos más buscados 1. kefir alpina 2. muebles 3. leche 4. leche alqueria 5. san jorge 6. papel higienico 7. arroz 8. cafe 9. cerveza 10. neveras",,40,,,,unknown,
ASESORAMOS TU COMPRA:,"ASESORAMOS TU COMPRA: 📞(601) 6672004, lun a sáb de 7am.a 7pm dom hasta las 6pm otras ciudades consulta aquí ¡Llámanos! ¿Cómo te gustaría que entreguemos tu pedido? ¿Qué estás buscando? Inicia sesión o regístrate Mi cuenta ¡Hola! Inicia sesión o regístrate Todas las categorías Supermercado Televisores y Audio Celulares Tecnología Electrodomésticos Mascotas Mundo bebés Hogar y decoración Ropa y Accesorios Salud y Bienestar Deportes y tiempo libre Juguetería Automóvil Herramientas y Ferretería Libros y Papelería Pinturas Pisos y Paredes Baños Jardín Especiales Ofertas Supermercado Electro Hogar y vestuario Servicios No has seleccionado ningún método de entrega aún. Seleccionar método de entrega Close Supermercado Lácteos, Huevos Y Refrigerados Queso Queso mozzarella Pasco light x450g 1/1 Características Descripción Ingredientes Condición alimentaria Información nutricional Incluye en tus recetas este delicioso queso mozzarella light que le brindará un sabor especial a cada uno de tus platillos. Este producto es vendido, facturado y entregado por Cencosud - Colombia Los precios de los productos pueden cambiar dependiendo de la región. Aplican Términos y Condiciones Desactivado Referencia : 0850318 Queso mozzarella Pasco light x450g $ 70 x gr PASCO ☆ ☆ ☆ ☆ ☆ $ 31.500 ¿Todavía no tienes tu Tarjeta Cencosud? Solicítala en línea, úsala y obtén un bono de $100.000 para una próxima compra . Aplican términos y condiciones. Solicítala aquí . Agregar Este producto es vendido, facturado y entregado por Cencosud - Colombia Los precios de los productos pueden cambiar dependiendo de la región. Aplican Términos y Condiciones Términos más buscados 1. kefir alpina 2. muebles 3. leche 4. leche alqueria 5. san jorge 6. papel higienico 7. arroz 8. cafe 9. cerveza 10. neveras",,70,,,,unknown,
ASESORAMOS TU COMPRA:,"ASESORAMOS TU COMPRA: 📞(601) 6672004, lun a sáb de 7am.a 7pm dom hasta las 6pm otras ciudades consulta aquí ¡Llámanos! ¿Cómo te gustaría que entreguemos tu pedido? ¿Qué estás buscando? Inicia sesión o regístrate Mi cuenta ¡Hola! Inicia sesión o regístrate Todas las categorías Supermercado Televisores y Audio Celulares Tecnología Electrodomésticos Mascotas Mundo bebés Hogar y decoración Ropa y Accesorios Salud y Bienestar Deportes y tiempo libre Juguetería Automóvil Herramientas y Ferretería Libros y Papelería Pinturas Pisos y Paredes Baños Jardín Especiales Ofertas Supermercado Electro Hogar y vestuario Servicios No has seleccionado ningún método de entrega aún. Seleccionar método de entrega Close Supermercado Lácteos, Huevos Y Refrigerados Queso Queso butirro Del Vecchio 70g x3unds 1/1 Características Descripción Queso butirro Del Vecchio 70g x3unds Este producto es vendido, facturado y entregado por Cencosud - Colombia Los precios de los productos pueden cambiar dependiendo de la región. Aplican Términos y Condiciones APLICA PARA Referencia : 0064565 Queso butirro Del Vecchio 70g x3unds $ 71 , 86 x gr VECCHIO ☆ ☆ ☆ ☆ ☆ $ 15.090 ¿Todavía no tienes tu Tarjeta Cencosud? Solicítala en línea, úsala y obtén un bono de $100.000 para una próxima compra . Aplican términos y condiciones. Solicítala aquí . Agregar Este producto es vendido, facturado y entregado por Cencosud - Colombia Los precios de los productos pueden cambiar dependiendo de la región. Aplican Términos y Condiciones Términos más buscados 1. kefir alpina 2. muebles 3. leche 4. leche alqueria 5. san jorge 6. papel higienico 7. arroz 8. cafe 9. cerveza 10. neveras",,71,,,,unknown,
ASESORAMOS TU COMPRA:,"ASESORAMOS TU COMPRA: 📞(601) 6672004, lun a sáb de 7am.a 7pm dom hasta las 6pm otras ciudades consulta aquí ¡Llámanos! ¿Cómo te gustaría que entreguemos tu pedido? ¿Qué estás buscando? Inicia sesión o regístrate Mi cuenta ¡Hola! Inicia sesión o regístrate Todas las categorías Supermercado Televisores y Audio Celulares Tecnología Electrodomésticos Mascotas Mundo bebés Hogar y decoración Ropa y Accesorios Salud y Bienestar Deportes y tiempo libre Juguetería Automóvil Herramientas y Ferretería Libros y Papelería Pinturas Pisos y Paredes Baños Jardín Especiales Ofertas Supermercado Electro Hogar y vestuario Servicios No has seleccionado ningún método de entrega aún. Seleccionar método de entrega Close Supermercado Despensa Azúcar, Endulzantes Y Panelas Azúcar Riopaila blanca x1000g 1/2 Características Descripción Ingredientes Condición alimentaria Información nutricional Comparte los más dulces momentos Este producto es vendido, facturado y entregado por Cencosud - Colombia Los precios de los productos pueden cambiar dependiendo de la región. Aplican Términos y Condiciones Desactivado Referencia : 0001612 Azúcar Riopaila blanca x1000g $ 5 , 08 x gr RIOPAILA ☆ ☆ ☆ ☆ ☆ $ 5.080 ¿Todavía no tienes tu Tarjeta Cencosud? Solicítala en línea, úsala y obtén un bono de $100.000 para una próxima compra . Aplican términos y condiciones. Solicítala aquí . Agregar Este producto es vendido, facturado y entregado por Cencosud - Colombia Los precios de los productos pueden cambiar dependiendo de la región. Aplican Términos y Condiciones Términos más buscados 1. kefir alpina 2. muebles 3. leche 4. leche alqueria 5. san jorge 6. papel higienico 7. arroz 8. cafe 9. cerveza 10. neveras",,5,,,,unknown,
ASESORAMOS TU COMPRA:,"ASESORAMOS TU COMPRA: 📞(601) 6672004, lun a sáb de 7am.a 7pm dom hasta las 6pm otras ciudades consulta aquí ¡Llámanos! ¿Cómo te gustaría que entreguemos tu pedido? ¿Qué estás buscando? Inicia sesión o regístrate Mi cuenta ¡Hola! Inicia sesión o regístrate Todas las categorías Supermercado Televisores y Audio Celulares Tecnología Electrodomésticos Mascotas Mundo bebés Hogar y decoración Ropa y Accesorios Salud y Bienestar Deportes y tiempo libre Juguetería Automóvil Herramientas y Ferretería Libros y Papelería Pinturas Pisos y Paredes Baños Jardín Especiales Ofertas Supermercado Electro Hogar y vestuario Servicios No has seleccionado ningún método de entrega aún. Seleccionar método de entrega Close Supermercado Despensa Azúcar, Endulzantes Y Panelas Azúcar Manuelita alta pureza x1kg 1/1 Características Descripción No contiene residuos químicos, impurezas o elementos artificiales, no altera el sabor natural de los alimentos. Este producto es vendido, facturado y entregado por Cencosud - Colombia Los precios de los productos pueden cambiar dependiendo de la región. Aplican Términos y Condiciones Desactivado Referencia : 0082359 Azúcar Manuelita alta pureza x1kg $ 5 , 69 x gr MANUELITA ☆ ☆ ☆ ☆ ☆ $ 5.690 ¿Todavía no tienes tu Tarjeta Cencosud? Solicítala en línea, úsala y obtén un bono de $100.000 para una próxima compra . Aplican términos y condiciones. Solicítala aquí . Agregar Este producto es vendido, facturado y entregado por Cencosud - Colombia Los precios de los productos pueden cambiar dependiendo de la región. Aplican Términos y Condiciones Términos más buscados 1. kefir alpina 2. muebles 3. leche 4. leche alqueria 5. san jorge 6. papel higienico 7. arroz 8. cafe 9. cerveza 10. neveras",,5,,,,unknown,
ASESORAMOS TU COMPRA:,"ASESORAMOS TU COMPRA: 📞(601) 6672004, lun a sáb de 7am.a 7pm dom hasta las 6pm otras ciudades consulta aquí ¡Llámanos! ¿Cómo te gustaría que entreguemos tu pedido? ¿Qué estás buscando? Inicia sesión o regístrate Mi cuenta ¡Hola! Inicia sesión o regístrate Todas las categorías Supermercado Televisores y Audio Celulares Tecnología Electrodomésticos Mascotas Mundo bebés Hogar y decoración Ropa y Accesorios Salud y Bienestar Deportes y tiempo libre Juguetería Automóvil Herramientas y Ferretería Libros y Papelería Pinturas Pisos y Paredes Baños Jardín Especiales Ofertas Supermercado Electro Hogar y vestuario Servicios No has seleccionado ningún método de entrega aún. Seleccionar método de entrega Close ¡Ups! No hay productos que coincidan con tu búsqueda. Te recomendamos que: Revisa la ortografía. Intentes utilizar una sola palabra. Pruebes con algún sinónimo. Hagas una búsqueda más genérica. Búsquedas frecuentes Televisores Smart TV Televisores 4K Barra de sonido Neveras y Nevecones Neveras inteligentes Mini neveras Congeladores Celulares y Smartwatch Smartphones Android Accesorios para celular Relojes deportivos Hogar y variedades Limpieza Cuidado personal Mascotas Despensa Bebidas Snacks Frutas y verduras Términos más buscados 1. kefir alpina 2. muebles 3. leche 4. leche alqueria 5. san jorge 6. papel higienico 7. arroz 8. cafe 9. cerveza 10. neveras",,,,,,unknown,
"Este sitio web utiliza cookies propias para optimizar la experiencia de nuestros clientes, analizar estadísticas de navegación del sitio y de terceros para brindar contenidos personalizados de acuerdo","Este sitio web utiliza cookies propias para optimizar la experiencia de nuestros clientes, analizar estadísticas de navegación del sitio y de terceros para brindar contenidos personalizados de acuerdo con sus preferencias. Al dar click en [Aceptar], autoriza el uso de cookies durante su navegación. Para más información, consulte nuestra Política de Cookies en el Aviso de Privacidad . Aceptar Supermercado Despensa Aceites y vinagres Aceite Chedraui Mixto 800ml Chedraui Aceite Chedraui Mixto 800ml Aceite Chedraui Mixto 800ml Referencia : 3717376 Información Aceite Chedraui Mixto 800ml Las imágenes del producto son únicamente de referencia, el diseño de etiquetas y el contenido (ml, L, Kg, g, piezas, etc) pueden cambiar y/o variar sin previo aviso. Mostrar más Características Importantes Aceite vegetal comestible Consérvese en un lugar fresco Ideal para freír Comparte Vendido y entregado por: Chedraui $28.00 Agregar Descripción Especificaciones Prepara tu despensa en unos cuantos clics y descubre nuestra gran variedad de productos. ¡No salgas de casa, nosotros te llevamos el súper! Productos relacionados Aceite Cartamo Oleico 825ml Oléico $0.00 1 pieza de 825ml Combo Cantidad Máxima Equivale a ≈1 pza 3x2 Aceite Cristal Mixto 1 L Cristal $0.00 1 pieza de 1L Combo Cantidad Máxima Equivale a ≈1 pza 3x2 Aceite Patrona Mixto 1 L Patrona $0.00 1 pieza de 1L Combo Cantidad Máxima Equivale a ≈1 pza 3x2 Aceite de Aguacate Olew Ajo 250ml Olew $0.00 1 pz de 250ml Combo Cantidad Máxima Equivale a ≈1 pza 3x2 Aceite de Ajonjolí Tostado Inés 250ml Inés $0.00 1 pieza de 250ml Combo Cantidad Máxima Equivale a ≈1 pza 3x2 Aceite Puro 100% de Canola 840ml Capullo $0.00 1 pieza de 840ml Combo Cantidad Máxima Equivale a ≈1 pza 3x2 Aceite de Aguacate Olew 250ml Olew $0.00 1 pz de 250ml Combo Cantidad Máxima Equivale a ≈1 pza 3x2 Aceite Vegetal Comestible Ave 850ml Ave $0.00 1 pieza de 850ml Combo Cantidad Máxima Equivale a ≈1 pza 3x2 Aceite Vegetal Comestible Sabrosano Mantequilla 850ml Sabr",,2800,,,,unknown,
¡Nueva tarjeta de crédito HEB Afirme!,"¡Nueva tarjeta de crédito HEB Afirme! Consigue la tuya aquí Buscar productos Mis listas Mis pedidos Iniciar sesión $0 Pasillos Promociones exclusivas con Nuevos Productos Vive Saludable Mascotas Exclusivos en línea Live Promociones Horneado y Repostería Harinas HCF Harina de Trigo Extra Fina 1 kg HCF Harina de Trigo Extra Fina 1 kg Cargando comentarios… HCF Referencia : 86515 $23.00 . ＋ － Agregar Promociones bancarias Obtén un 5% de cashback en todas tus compras en heb.com.mx y nuestra app con la tarjeta de crédito HEB Afirme . Solicítala aquí Métodos de entrega Pick&Go Delivery Compartir Descripción Características Reseñas Tipo de producto Harina de trigo Marca Hill Country Fare Denominación/Variedad Extra fina Contenido neto 1 kg Presentación Bolsa País de origen México Advertencias de almacenamiento Conservar en un lugar fresco y seco Ingredientes Harina de trigo, peróxido de benzoilo, hierro (fumarato ferroso), zinc (óxido de zinc), macina, vitamina B1 (mononitrato de tiamina), vitamina B2 (riboflavina), ácido fólico (vitamina B3), enzimas. Contiene gluten (trigo) Alérgenos declarados Gluten (trigo) Denominación dietética Ácido fólico. Zinc. Hierro. Vitamina B1. Vitamina B2. Vitamina B3 Porción sugerida 100 g Porciones por envase 10 Energía por 100 g 350 Kcal Proteínas totales por 100 g 50 g Grasas totales por 100 g 1 g Carbohidratos totales por 100 g 76 g Azúcares totales por 100 g 0 g Sodio por 100 g 0 mg Energía por porción 350 Kcal Proteínas totales por porción 50 g Grasas totales por porción 1 g Carbohidratos totales por porción 76 g Azúcares totales por porción 0 g Sodio por porción 0 mg Suscríbete a nuestro Newsletter y entérate de las ofertas y lanzamientos. Suscríbete a nuestro Newsletter y entérate de las ofertas y lanzamientos. Suscríbete Aviso de Privacidad | Términos y Condiciones | Politica de Devoluciones | Términos y Condiciones: Cupones y Promociones | Promociones Bancarias © 2024 H-E-B México - TODOS LOS DERECHOS RESERVADOS",,0,,,,unknown,
ASESORAMOS TU COMPRA:,"ASESORAMOS TU COMPRA: 📞(601) 6672004, lun a sáb de 7am.a 7pm dom hasta las 6pm otras ciudades consulta aquí ¡Llámanos! ¿Cómo te gustaría que entreguemos tu pedido? ¿Qué estás buscando? Inicia sesión o regístrate Mi cuenta ¡Hola! Inicia sesión o regístrate Todas las categorías Supermercado Televisores y Audio Celulares Tecnología Electrodomésticos Mascotas Mundo bebés Hogar y decoración Ropa y Accesorios Salud y Bienestar Deportes y tiempo libre Juguetería Automóvil Herramientas y Ferretería Libros y Papelería Pinturas Pisos y Paredes Baños Jardín Especiales Ofertas Supermercado Electro Hogar y vestuario Servicios No has seleccionado ningún método de entrega aún. Seleccionar método de entrega Close Supermercado Despensa Azúcar, Endulzantes Y Panelas Azúcar Mayaguez blanca x2500g 1/1 Características Descripción Endulza tus momentos con azúcar blanco Mayaguez, es azúcar proveniente de caña que ha sido seleccionada y clasificada especialmente para ti. Este producto es vendido, facturado y entregado por Cencosud - Colombia Los precios de los productos pueden cambiar dependiendo de la región. Aplican Términos y Condiciones Desactivado Referencia : 0730904 Azúcar Mayaguez blanca x2500g $ 3 , 84 x gr MAYAGUEZ ☆ ☆ ☆ ☆ ☆ $ 9.600 $ 12.800 ¿Todavía no tienes tu Tarjeta Cencosud? Solicítala en línea, úsala y obtén un bono de $100.000 para una próxima compra . Aplican términos y condiciones. Solicítala aquí . Mejores ofertas -29% $ 9.120 Agregar Este producto es vendido, facturado y entregado por Cencosud - Colombia Los precios de los productos pueden cambiar dependiendo de la región. Aplican Términos y Condiciones Términos más buscados 1. kefir alpina 2. muebles 3. leche 4. leche alqueria 5. san jorge 6. papel higienico 7. arroz 8. cafe 9. cerveza 10. neveras",,3,,,,unknown,
ASESORAMOS TU COMPRA:,"ASESORAMOS TU COMPRA: 📞(601) 6672004, lun a sáb de 7am.a 7pm dom hasta las 6pm otras ciudades consulta aquí ¡Llámanos! ¿Cómo te gustaría que entreguemos tu pedido? ¿Qué estás buscando? Inicia sesión o regístrate Mi cuenta ¡Hola! Inicia sesión o regístrate Todas las categorías Supermercado Televisores y Audio Celulares Tecnología Electrodomésticos Mascotas Mundo bebés Hogar y decoración Ropa y Accesorios Salud y Bienestar Deportes y tiempo libre Juguetería Automóvil Herramientas y Ferretería Libros y Papelería Pinturas Pisos y Paredes Baños Jardín Especiales Ofertas Supermercado Electro Hogar y vestuario Servicios Supermercado Despensa Azúcar, Endulzantes Y Panelas Azúcar Providencia blanca x2.5kg 1/1 Características Descripción Ingredientes Condición alimentaria Información nutricional Ideal para endulzar lo que más te gusta, con menos contenidos de impurezas. Este producto es vendido, facturado y entregado por Cencosud - Colombia Los precios de los productos pueden cambiar dependiendo de la región. Aplican Términos y Condiciones Desactivado Referencia : 0031055 Azúcar Providencia blanca x2.5kg $ 4 , 36 x gr PROVIDENCIA Cargando comentarios… $ 10.890 $ 11.890 ¿Todavía no tienes tu Tarjeta Cencosud? Solicítala en línea, úsala y obtén un bono de $100.000 para una próxima compra . Aplican términos y condiciones. Solicítala aquí . Mejores ofertas -13% $ 10.345 Agregar Este producto es vendido, facturado y entregado por Cencosud - Colombia Los precios de los productos pueden cambiar dependiendo de la región. Aplican Términos y Condiciones Términos más buscados 1. kefir alpina 2. muebles 3. leche 4. leche alqueria 5. san jorge 6. papel higienico 7. arroz 8. cafe 9. cerveza 10. neveras",,4,,,,unknown,
Selecciona tu,"Selecciona tu Método de envío Encuentra todo lo que necesitas Iniciar sesión Categorías Supermercado Medicamentos y Dermo Electro y Tecnología Hogar Tienda Junior Recetas Solicita tu Tarjeta Puntos Plata Conocer mis beneficios Mis Puntos Plata Clave de redención Tarjetas de regalo y convenios ¡Regístrate acá y aprovecha todos los beneficios que Cliente Plata tiene para ti! Supermercado Desayuno Despensa Huevos Huevos Huevos y Derivados Lácteos Huevos Huevo Kikes Rojo AA X30 Unds Huevo Kikes Rojo AA X30 Unds Cargando comentarios… Item ID : 1353948 Vendido Por: Olimpica list Información general - Descripción del producto Huevos AA Kikes Rojos X30 Unds. Aquí puedes encontrar más productos marca Kikes Mostrar más Especificaciones + Especificaciones técnicas Propiedad Especificación Ver más Huevos Huevo Santa Anita Huevo Rojo AA Televisores envío gratis Comprar productos supermercado Precios Rojos Comentarios Cargando el resumen… Por favor, inicia sesión para escribir un comentario. Más reciente Ordenar por: Más reciente Más antiguo Calificación más alta Calificación más baja Todos Filtrar por: Todos 1 estrella 2 estrellas 3 estrellas 4 estrellas 5 estrellas Cargando comentarios… Evalúanos",,,,,,unknown,
Selecciona tu,"Selecciona tu Método de envío Encuentra todo lo que necesitas Iniciar sesión Categorías Supermercado Medicamentos y Dermo Electro y Tecnología Hogar Tienda Junior Recetas Solicita tu Tarjeta Puntos Plata Conocer mis beneficios Mis Puntos Plata Clave de redención Tarjetas de regalo y convenios ¡Regístrate acá y aprovecha todos los beneficios que Cliente Plata tiene para ti! Estas viendo productos para barranquilla ¿Tu pedido es para entrega en barranquilla? Te mostraremos los productos mas adecuados para tu ciudad Mantener Cambiar Supermercado Desayuno Huevos Huevo Santa Reyes Rojo AA X30 Unds Huevo Santa Reyes Rojo AA X30 Unds 30 Unidads ( Unidad a $ 851 , 67 ) $ 25 . 550 Cualquier medio Item ID : 1921715 Vendido Por: Olimpica Agregar list Información general - Descripción del producto Huevos AA Santa Reyes Rojos X30 Unds Mostrar más Especificaciones + Especificaciones técnicas Propiedad Especificación Ver más Huevo Huevos Santa Reyes Huevo Rojo Huevo Santa Reyes Rojo AA Santa Reyes Huevo Rojo Tipo AA Comentarios ☆ ☆ ☆ ☆ ☆ 0 (0 comentarios) Por favor, inicia sesión para escribir un comentario. Más reciente Ordenar por: Más reciente Más antiguo Calificación más alta Calificación más baja Todos Filtrar por: Todos 1 estrella 2 estrellas 3 estrellas 4 estrellas 5 estrellas No hay comentarios. Términos más buscados 1. celulares 2. neveras 3. iphone 4. lavadora 5. aire 6. televisores 7. estufa 8. colchon 9. cafe 10. nevera Evalúanos",,851,,,,unknown,
Selecciona tu,"Selecciona tu Método de envío Encuentra todo lo que necesitas Iniciar sesión Categorías Supermercado Medicamentos y Dermo Electro y Tecnología Hogar Tienda Junior Recetas Solicita tu Tarjeta Puntos Plata Conocer mis beneficios Mis Puntos Plata Clave de redención Tarjetas de regalo y convenios ¡Regístrate acá y aprovecha todos los beneficios que Cliente Plata tiene para ti! Estas viendo productos para barranquilla ¿Tu pedido es para entrega en barranquilla? Te mostraremos los productos mas adecuados para tu ciudad Mantener Cambiar Supermercado Desayuno Huevos Huevo Santa Anita Rojo AA X24 Unds Huevo Santa Anita Rojo AA X24 Unds 24 Unidads ( Unidad a $ 749 , 17 ) $ 17 . 980 Cualquier medio Item ID : 973681 Vendido Por: Olimpica Agregar list Empieza tu día con sabor y energía list Kikes Huevo Kikes Rojo AA X30 Unds 30 Unidades ( Unidad a $ 816 , 67 ) $ 24 . 500 Vendido por: Olimpica $ 24 . 500 Cualquier medio Agregar list Kikes Huevo Kikes Rojo AAA X15 Unds $ 14 . 800 $ 14 . 800 Cualquier medio Agregar list Napoles Huevo Nápoles Rojo AA X30 Unds 900 Gramos ( Gramo a $ 26 , 11 ) $ 23 . 500 Vendido por: Olimpica $ 23 . 500 Cualquier medio Agregar list Olimpica Huevo Olimpica Rojo AA X30 Unds 30 Unidads ( Unidad a $ 783 , 33 ) $ 23 . 500 Vendido por: Olimpica $ 23 . 500 Cualquier medio Agregar list Santa Anita Huevo Santa Anita Rojo AAA Amarrado X30 Unds 30 Unidads ( Unidad a $ 660 ) $ 19 . 800 Vendido por: Olimpica $ 19 . 800 Cualquier medio Agregar 1 list Santa Anita Huevo Santa Anita Rojo AA X12 Unds 12 Unidads ( Unidad a $ 1 . 016 , 67 ) $ 12 . 200 Vendido por: Olimpica $ 12 . 200 Cualquier medio Agregar Información general - Descripción del producto Huevos AA Santa Anita Rojos X24 Unds Mostrar más Especificaciones + Especificaciones técnicas Propiedad Especificación Comentarios ☆ ☆ ☆ ☆ ☆ 0 (0 comentarios) Por favor, inicia sesión para escribir un comentario. Más reciente Ordenar por: Más reciente Más antiguo Calificación más alta Calificación más baja Todos Filtrar p",,749,,,,unknown,
Selecciona tu,"Selecciona tu Método de envío Encuentra todo lo que necesitas Iniciar sesión Categorías Supermercado Medicamentos y Dermo Electro y Tecnología Hogar Tienda Junior Recetas Solicita tu Tarjeta Puntos Plata Conocer mis beneficios Mis Puntos Plata Clave de redención Tarjetas de regalo y convenios ¡Regístrate acá y aprovecha todos los beneficios que Cliente Plata tiene para ti! Estas viendo productos para barranquilla ¿Tu pedido es para entrega en barranquilla? Te mostraremos los productos mas adecuados para tu ciudad Mantener Cambiar Supermercado Desayuno Huevos Huevo Oro Nutriavicola Rojo AA X30 Unds Huevo Oro Nutriavicola Rojo AA X30 Unds Item ID : 1006331 Vendido Por: Olimpica Agregar list Empieza tu día con sabor y energía list Colanta Leche Colanta Uht Entera 1000 Ml X6 Unds $ 29 . 100 $ 29 . 100 Cualquier medio Agregar list Olimpica Huevo Olimpica Rojo AA X30 Unds 30 Unidads ( Unidad a $ 783 , 33 ) $ 23 . 500 Vendido por: Olimpica $ 23 . 500 Cualquier medio Agregar list Santa Anita Huevo Santa Anita Rojo AAA Amarrado X30 Unds 30 Unidads ( Unidad a $ 660 ) $ 19 . 800 Vendido por: Olimpica $ 19 . 800 Cualquier medio Agregar 1 list Santa Anita Huevo Santa Anita Rojo AA X12 Unds 12 Unidads ( Unidad a $ 1 . 016 , 67 ) $ 12 . 200 Vendido por: Olimpica $ 12 . 200 Cualquier medio Agregar list Medalla De Oro Arepa Medalla de Oro Maíz Blanco con Sal 900 G X10 Unds 900 Gramos ( Gramo a $ 3 , 77 ) $ 3 . 390 $ 3.390 Cualquier medio Agregar list Napoles Huevo Nápoles Rojo AA Vitafilado X 60 Unds 60 Unidades ( Unidad a $ 800 ) $ 48 . 000 $ 48 . 000 Cualquier medio Agregar Información general - Descripción del producto Huevos AA Oros Nutriavicola Rojos X30 Unds Mostrar más Especificaciones + Especificaciones técnicas Propiedad Especificación Comentarios ☆ ☆ ☆ ☆ ☆ 0 (0 comentarios) Por favor, inicia sesión para escribir un comentario. Más reciente Ordenar por: Más reciente Más antiguo Calificación más alta Calificación más baja Todos Filtrar por: Todos 1 estrella 2 estrellas 3 est",,29,,,,unknown,
Selecciona tu,"Selecciona tu Método de envío Encuentra todo lo que necesitas Iniciar sesión Categorías Supermercado Medicamentos y Dermo Electro y Tecnología Hogar Tienda Junior Recetas Solicita tu Tarjeta Puntos Plata Conocer mis beneficios Mis Puntos Plata Clave de redención Tarjetas de regalo y convenios ¡Regístrate acá y aprovecha todos los beneficios que Cliente Plata tiene para ti! Estas viendo productos para barranquilla ¿Tu pedido es para entrega en barranquilla? Te mostraremos los productos mas adecuados para tu ciudad Mantener Cambiar Supermercado Despensa Arroces Empacados Y Granel Arroz Diana 5 Kg Arroz Diana 5 Kg Cargando comentarios… Item ID : 566554 Vendido Por: Olimpica list Información general - Descripción del producto Arroz Diana 5 Kg. Aquí puedes encontrar más productos marca Diana Mostrar más Especificaciones + Especificaciones técnicas Propiedad Especificación Tipo de Arroces Empacados Y Granel Arroz Blanco Comentarios Cargando el resumen… Por favor, inicia sesión para escribir un comentario. Más reciente Ordenar por: Más reciente Más antiguo Calificación más alta Calificación más baja Todos Filtrar por: Todos 1 estrella 2 estrellas 3 estrellas 4 estrellas 5 estrellas Cargando comentarios… Evalúanos",,,,,,unknown,
Selecciona tu,"Selecciona tu Método de envío Encuentra todo lo que necesitas Iniciar sesión Categorías Supermercado Medicamentos y Dermo Electro y Tecnología Hogar Tienda Junior Recetas Solicita tu Tarjeta Puntos Plata Conocer mis beneficios Mis Puntos Plata Clave de redención Tarjetas de regalo y convenios ¡Regístrate acá y aprovecha todos los beneficios que Cliente Plata tiene para ti! Estas viendo productos para barranquilla ¿Tu pedido es para entrega en barranquilla? Te mostraremos los productos mas adecuados para tu ciudad Mantener Cambiar Supermercado Despensa Arroces Empacados Y Granel Arroz Sabrosón 5 Kg Arroz Sabrosón 5 Kg 5000 Gramos ( Gramo a $ 4 , 4 ) $ 21 . 990 Cualquier medio Item ID : 2000025 Vendido Por: Olimpica Agregar list Sabores y nutrición para tu hogar list Acondesa HUEVO X 30 UNDS TIPO A $ 13 . 500 Vendido por: Olimpica $ 13 . 500 Cualquier medio Agregar list Pan Harina Pan de Maíz Blanco 1 Kg 1000 Gramos ( Gramo a $ 3 , 32 ) $ 3 . 320 $ 3.320 Cualquier medio Agregar list Olimpica Lenteja Olimpica 500 G 500 Gramos ( Gramo a $ 6 , 9 ) $ 3 . 450 $ 3.450 Cualquier medio Agregar 1 list Olimpica Azúcar Olimpica Blanca 2,5 Kg 2500 Gramos ( Gramo a $ 4 , 4 ) $ 10 . 990 $ 10 . 990 Cualquier medio Agregar list Sabroson Arroz Sabrosón 3 Kg 3000 Gramos ( Gramo a $ 4 , 2 ) $ 12 . 600 $ 12 . 600 Cualquier medio Agregar 1 list Medalla De Oro Aceite Medalla de Oro Mezcla 3 Lt 3000 Mililitros ( Mililitro a $ 7 , 62 ) $ 22 . 850 $ 22 . 850 Cualquier medio Agregar Información general - Descripción del producto Arroz Sabrosón 5 Kg Mostrar más Especificaciones + Especificaciones técnicas Propiedad Especificación Tipo de Arroces Empacados Y Granel Arroz Blanco Comentarios ☆ ☆ ☆ ☆ ☆ 0 (0 comentarios) Por favor, inicia sesión para escribir un comentario. Más reciente Ordenar por: Más reciente Más antiguo Calificación más alta Calificación más baja Todos Filtrar por: Todos 1 estrella 2 estrellas 3 estrellas 4 estrellas 5 estrellas No hay comentarios. Evalúanos Términos más buscado",,4,,,,unknown,
Selecciona tu,"Selecciona tu Método de envío Encuentra todo lo que necesitas Iniciar sesión Categorías Supermercado Medicamentos y Dermo Electro y Tecnología Hogar Tienda Junior Recetas Solicita tu Tarjeta Puntos Plata Conocer mis beneficios Mis Puntos Plata Clave de redención Tarjetas de regalo y convenios ¡Regístrate acá y aprovecha todos los beneficios que Cliente Plata tiene para ti! Estas viendo productos para barranquilla ¿Tu pedido es para entrega en barranquilla? Te mostraremos los productos mas adecuados para tu ciudad Mantener Cambiar Supermercado Despensa Arroces Empacados Y Granel Arroz Olimpica Bulto 10 Kg Arroz Olimpica Bulto 10 Kg 10000 Gramos ( Gramo a $ 3 , 8 ) $ 37 . 990 Cualquier medio Item ID : 2281430 Vendido Por: Olimpica Agregar list Sabores y nutrición para tu hogar 1 list Olimpica Azúcar Olimpica Blanca 2,5 Kg 2500 Gramos ( Gramo a $ 4 , 4 ) $ 10 . 990 $ 10 . 990 Cualquier medio Agregar list Diana Arroz Diana 10 Kg 10000 Gramos ( Gramo a $ 4 , 5 ) $ 45 . 000 $ 45 . 000 Cualquier medio Agregar list Mi Arroz Arroz Mi Arroz Mini Bulto 10 Kg 10000 Gramos ( Gramo a $ 3 , 17 ) $ 31 . 700 $ 31 . 700 Cualquier medio Agregar list Sin Marca Arroz Olimpica Excelso Granel 1000 Gramos ( Gramo a $ 3 , 3 ) $ 3 . 300 $ 3.300 Cualquier medio Agregar list Sabroson Arroz Sabrosón Mini Bulto 10 Kg 10000 Gramos ( Gramo a $ 4 , 5 ) $ 45 . 000 $ 45 . 000 Cualquier medio Agregar list Olimpica Arroz Olimpica Blanco Excelso en Bulto 23 Kg Agregar Información general - Descripción del producto ARROZ OLIMPICA 10 KG M/BULT Mostrar más Especificaciones + Especificaciones técnicas Propiedad Especificación Complementa tu elección list NONAPEPA ACEITE NONAPEPA DE MEZCLA 3000 ML $ 23 . 990 $ 23 . 990 Cualquier medio Agregar 1 list Suppra Care JAB SUPPRA CARE FRES TENTACION 110G X3UN $ 5 . 200 $ 5.200 Cualquier medio Agregar 1 list Sin Marca ESPARCIBLE SAVORIA BARRA 125G $ 1 . 350 $ 1.350 Cualquier medio Agregar list Sin Marca Pasta Rioka Espaguetti 1000 G 1000 Gramos ( Gramo a $ 4 , 99 ) $",,3,,,,unknown,
Selecciona tu,"Selecciona tu Método de envío Encuentra todo lo que necesitas Iniciar sesión Categorías Supermercado Medicamentos y Dermo Electro y Tecnología Hogar Tienda Junior Recetas Solicita tu Tarjeta Puntos Plata Conocer mis beneficios Mis Puntos Plata Clave de redención Tarjetas de regalo y convenios ¡Regístrate acá y aprovecha todos los beneficios que Cliente Plata tiene para ti! Estas viendo productos para barranquilla ¿Tu pedido es para entrega en barranquilla? Te mostraremos los productos mas adecuados para tu ciudad Mantener Cambiar Supermercado Despensa Arroces Empacados Y Granel Arroz Doña Pepa 153 5 Kg Arroz Doña Pepa 153 5 Kg Item ID : 1393182 Vendido Por: Olimpica Agregar list Información general - Descripción del producto ARROZ DOÑAPEPA 153 5kg Mostrar más Especificaciones + Especificaciones técnicas Propiedad Especificación Tipo de Arroces Empacados Y Granel Arroz Parbolizado Comentarios ☆ ☆ ☆ ☆ ☆ 0 (0 comentarios) Por favor, inicia sesión para escribir un comentario. Más reciente Ordenar por: Más reciente Más antiguo Calificación más alta Calificación más baja Todos Filtrar por: Todos 1 estrella 2 estrellas 3 estrellas 4 estrellas 5 estrellas No hay comentarios. Términos más buscados 1. celulares 2. neveras 3. iphone 4. lavadora 5. aire 6. televisores 7. estufa 8. colchon 9. cafe 10. nevera Evalúanos",,,,,,unknown,
0,"0 BUSCAR PRODUCTOS Ingresa 0 $0 M.N Estás en: La Comer Coyoacán La Comer Tecnológico Toluca La Comer Altaria Aguascalientes La Comer Bosque Esmeralda La Comer Bosque Real La Comer CDMX Sur La Comer Cabo San Lucas La Comer Cascada Los Cabos La Comer Coyoacán La Comer Del Valle La Comer Diana Cuernavaca La Comer El Refugio Qro La Comer Estadio Qro La Comer Iguala La Comer Insurgentes La Comer Irapuato La Comer Iztapalapa Las Torres La Comer Juriquilla La Comer Lago Alberto La Comer Las Animas La Comer Lomas Anáhuac La Comer Manzanillo La Comer Morelia La Comer Nuevo Vallarta La Comer Olivar La Comer Pozuelos Guanajuato La Comer Puebla La Comer Pueblo Nuevo Qro La Comer San Juan del Río La Comer San Miguel de Allende La Comer Santa María La Ribera La Comer Tlalpan La Comer Torres de Satélite La Comer Tultitlán La Comer Uruapan La Comer Vallarta Fluvial La Comer Valle Dorado La Comer Villa Coapa La Comer Zaragoza Qro La Comer Álamos Parque Qro La Comer Coyoacán Dirección MIGUEL ANGEL DE QUEVEDO 443, ROMERO DE TERREROS, 4310 COYOACAN, MEXICO, CIUDAD DE MÉXICO ¡Deseo comprar aquí! Toggle navigation Departamentos Departamentos Sitios de Información Monedero Naranja En tu casa Plus Recetas Departamentos Sitios de Información Recetas Estas en: La Comer Coyoacán Inicio Harina De Trigo Harina De Trigo Ke Precio 1 kg REGRESAR $14.50 M.N. pieza Piezas Agregar PRESENTACIÓN/ENVASE: BOLSA x Promociones Cerrar Más información TAMBIÉN TE PUEDE INTERESAR EN JUNIO TE BONIFICAMOS EN TODAS TUS COMPRAS EN LAS MARCAS GOLDEN HILLS Y PETS CLUB VIGENCIA DE 01/06/2025 A 30/06/2025 Harina de trigo GOLDEN HILLS 1 KG. x $19.90 M.N. x Piezas Piezas Agregar $19.90 M.N. Harina de trigo SELECTA EXTRA FINA 1 KG. x $23.00 M.N. x Piezas Piezas Agregar $18.00 M.N. Harina de trigo TRES ESTRELLAS 907 GRS x $21.50 M.N. x Piezas Piezas Agregar $21.50 M.N. Harina de trigo SAN BLAS 800 GRS x $21.90 M.N. x Piezas Piezas Agregar $21.90 M.N. Copyright © La Comer. Todos los derechos reservados. Bienvenidas las tar",,0,,,,unknown,
Selecciona tu,"Selecciona tu Método de envío Encuentra todo lo que necesitas Iniciar sesión Categorías Supermercado Medicamentos y Dermo Electro y Tecnología Hogar Tienda Junior Recetas Solicita tu Tarjeta Puntos Plata Conocer mis beneficios Mis Puntos Plata Clave de redención Tarjetas de regalo y convenios ¡Regístrate acá y aprovecha todos los beneficios que Cliente Plata tiene para ti! Estas viendo productos para barranquilla ¿Tu pedido es para entrega en barranquilla? Te mostraremos los productos mas adecuados para tu ciudad Mantener Cambiar Supermercado Despensa Arroces Empacados Y Granel Arroz Mi Arroz 3 Kg Arroz Mi Arroz 3 Kg 3000 Gramos ( Gramo a $ 3 , 17 ) $ 9.500 Cualquier medio Item ID : 1635734 Vendido Por: Olimpica Agregar list Sabores y nutrición para tu hogar list Sabroson Arroz Sabrosón 3 Kg 3000 Gramos ( Gramo a $ 4 , 2 ) $ 12 . 600 $ 12 . 600 Cualquier medio Agregar 6 1 list Olimpica ARROZ O 500 GRS $ 1 . 750 $ 1 . 640 Ahorra $ 110 $ 1.640 Cualquier medio Antes: $ 1.750 Agregar list Olimpica Arroz Olimpica 1 Kg 1000 Gramos ( Gramo a $ 3 , 8 ) $ 3 . 800 $ 3.800 Cualquier medio Agregar list Mi Arroz Arroz Mi Arroz Mini Bulto 10 Kg 10000 Gramos ( Gramo a $ 3 , 17 ) $ 31 . 700 $ 31 . 700 Cualquier medio Agregar list Comarrico Condimento Comarrico Mezcla de Colorantes 80 G 80 Gramos ( Gramo a $ 25 , 63 ) $ 2 . 050 $ 2.050 Cualquier medio Agregar list Mi Arroz Arroz Mi Arroz 454 G 454 Gramos ( Gramo a $ 3 , 17 ) $ 1 . 440 $ 1.440 Cualquier medio Agregar Información general - Descripción del producto ARROZ MI ARROZ 3 KG Mostrar más Especificaciones + Especificaciones técnicas Propiedad Especificación Tipo de Arroces Empacados Y Granel Arroz Blanco Complementa tu elección list Olimpica Salchichon Olimpica Pollo 500 G $ 5 . 190 list Café Medalla de Oro Instantáneo Granulado 170 G $ 19 . 690 list Aceite Medalla de Oro Mezcla 900 Ml $ 7 . 490 list Salsa Buni Sabor Negra 165 Ml $ 1 . 850 list Mortadela Corte Local Pollo 225 G $ 3 . 890 list Baño Líquido Bebé Johnson's Cabeza ",,3,,,,unknown,
Selecciona tu,"Selecciona tu Método de envío Iniciar sesión Categorías Supermercado Medicamentos y Dermo Electro y Tecnología Hogar Tienda Junior Recetas Solicita tu Tarjeta Supermercado Despensa Arroces Empacados Y Granel ARROZ DOÑA ROSA PACA 25 UND 12.5 KG ARROZ DOÑA ROSA PACA 25 UND 12.5 KG Cargando comentarios… Item ID : 2328607 Vendido Por: Olimpica Información general - Descripción del producto ARROZ DOÑA ROSA PACA 25 UND 12.5 KG Mostrar más Especificaciones + Especificaciones técnicas Propiedad Especificación Comentarios Cargando el resumen… Por favor, inicia sesión para escribir un comentario. Más reciente Ordenar por: Más reciente Más antiguo Calificación más alta Calificación más baja Todos Filtrar por: Todos 1 estrella 2 estrellas 3 estrellas 4 estrellas 5 estrellas Cargando comentarios… Evalúanos",,,,,,unknown,
Selecciona tu,"Selecciona tu Método de envío Encuentra todo lo que necesitas Iniciar sesión Categorías Supermercado Medicamentos y Dermo Electro y Tecnología Hogar Tienda Junior Recetas Solicita tu Tarjeta Puntos Plata Conocer mis beneficios Mis Puntos Plata Clave de redención Tarjetas de regalo y convenios ¡Regístrate acá y aprovecha todos los beneficios que Cliente Plata tiene para ti! Estas viendo productos para barranquilla ¿Tu pedido es para entrega en barranquilla? Te mostraremos los productos mas adecuados para tu ciudad Mantener Cambiar Supermercado Desayuno Pan Empacado Pan Bimbo Tajado Integral Tamaño Familiar 650 G Pan Bimbo Tajado Integral Tamaño Familiar 650 G 650 Gramos ( Gramo a $ 14 , 62 ) $ 9.500 Cualquier medio Item ID : 754200 Vendido Por: Olimpica Agregar list Empieza tu día con sabor y energía list Bimbo Pan Bimbo Tajado Artesano 500 G 500 Gramos ( Gramo a $ 15 ) $ 7 . 500 $ 7.500 Cualquier medio Agregar list Colanta Queso Colanta Mozzarella Tajado 250 G 250 Gramos ( Gramo a $ 46 , 8 ) $ 11 . 700 Vendido por: Olimpica $ 11 . 700 Cualquier medio Agregar list Bimbo Pan Bimbo Tajado Artesano Integral 500 G 500 Gramos ( Gramo a $ 18 , 6 ) $ 9 . 300 $ 9.300 Cualquier medio Agregar list Bimbo Tostada Bimbo Integral 2 Tacos 300 G X20 Unds 300 Gramos ( Gramo a $ 29 , 67 ) $ 8 . 900 $ 8.900 Cualquier medio Agregar list Bimbo Pan Bimbo Vital Fruticereal 500 G 500 Gramos ( Gramo a $ 20 , 6 ) $ 10 . 300 $ 10 . 300 Cualquier medio Agregar list Bimbo Pan Bimbo Vital Integral Multicereal 500 G 500 Gramos ( Gramo a $ 20 , 6 ) $ 10 . 300 $ 10 . 300 Cualquier medio Agregar Información general - Descripción del producto PAN TAJADO BIMBO INTEGRAL 650 g Mostrar más Especificaciones + Especificaciones técnicas Propiedad Especificación Complementa tu elección list Alamar Atún Alamar Ensalada Primavera 160 G 160 Gramos ( Gramo a $ 46 , 25 ) $ 7 . 400 $ 7.400 Cualquier medio Agregar list Cream Helado Helado Tradicional Vainilla Chips x 600G $ 33 . 800 $ 33 . 800 Cualquier medio Agrega",,14,,,,unknown,
Selecciona tu,"Selecciona tu Método de envío Encuentra todo lo que necesitas Iniciar sesión Categorías Supermercado Medicamentos y Dermo Electro y Tecnología Hogar Tienda Junior Recetas Solicita tu Tarjeta Puntos Plata Conocer mis beneficios Mis Puntos Plata Clave de redención Tarjetas de regalo y convenios ¡Regístrate acá y aprovecha todos los beneficios que Cliente Plata tiene para ti! Estas viendo productos para barranquilla ¿Tu pedido es para entrega en barranquilla? Te mostraremos los productos mas adecuados para tu ciudad Mantener Cambiar Supermercado Desayuno Pan Empacado Pan Comapan Tajado Integral Centeno Malteado 400 G Pan Comapan Tajado Integral Centeno Malteado 400 G Cargando comentarios… Item ID : 5085884 Vendido Por: Olimpica Agregar list Información general - Descripción del producto PAN TAJADO INTEGRAL CENTENO MALTA COMAPAN 400g Mostrar más Especificaciones + Especificaciones técnicas Propiedad Especificación Complementa tu elección list Finesse Yogurt FINESSE frutos rojos x180 Gr $ 3 . 800 Vendido por: Olimpica $ 3.800 Cualquier medio Agregar list Colanta Leche Colanta Semidescremada 6000 Ml 6000 Mililitros ( Mililitro a $ 5 , 65 ) $ 33 . 900 $ 33 . 900 Cualquier medio Agregar list Badia CANEL MOLIDA BADIA $ 17 . 650 $ 17 . 650 Cualquier medio Agregar list Binner Shampoo Concentrado BINNER para Alfombras y Cortinas Bouquet 500ml $ 15 . 500 $ 15 . 500 Cualquier medio Agregar list Herbal Essences Herbal Essences Bio Renew White Grapefruit & Mint Shampoo 400 Ml $ 36 . 900 $ 36 . 900 Cualquier medio Agregar list Tosh GALLETA TOSH WAFFER MULTCER KIWI X6 162g $ 11 . 250 $ 11 . 250 Cualquier medio Agregar Ver más Viajar Olímpica destinos baratos Aires acondicionados comprar Venta de electrodomésticos hogar Pedir medicamentos online Licores a domicilio Comentarios Cargando el resumen… Por favor, inicia sesión para escribir un comentario. Más reciente Ordenar por: Más reciente Más antiguo Calificación más alta Calificación más baja Todos Filtrar por: Todos 1 estrella 2 est",,3,,,,unknown,
Selecciona tu,"Selecciona tu Método de envío Encuentra todo lo que necesitas Iniciar sesión Categorías Supermercado Medicamentos y Dermo Electro y Tecnología Hogar Tienda Junior Recetas Solicita tu Tarjeta Puntos Plata Conocer mis beneficios Mis Puntos Plata Clave de redención Tarjetas de regalo y convenios ¡Regístrate acá y aprovecha todos los beneficios que Cliente Plata tiene para ti! Estas viendo productos para barranquilla ¿Tu pedido es para entrega en barranquilla? Te mostraremos los productos mas adecuados para tu ciudad Mantener Cambiar Supermercado Desayuno Pan Empacado Pan Bimbo Vital Integral Multicereal 500 G Pan Bimbo Vital Integral Multicereal 500 G 500 Gramos ( Gramo a $ 20 , 6 ) $ 10 . 300 Cualquier medio Item ID : 811942 Vendido Por: Olimpica Agregar list Empieza tu día con sabor y energía list Bimbo Pan Bimbo Tajado Integral Tamaño Familiar 650 G 650 Gramos ( Gramo a $ 14 , 62 ) $ 9 . 500 $ 9.500 Cualquier medio Agregar list Bimbo Pan Bimbo Tajado Artesano Integral 500 G 500 Gramos ( Gramo a $ 18 , 6 ) $ 9 . 300 $ 9.300 Cualquier medio Agregar list Bimbo Pan Bimbo Vital Integral de Granola & Arándanos 500 G 500 Gramos ( Gramo a $ 20 , 6 ) $ 10 . 300 $ 10 . 300 Cualquier medio Agregar list Bimbo Pan Bimbo Vital Fruticereal 500 G 500 Gramos ( Gramo a $ 20 , 6 ) $ 10 . 300 $ 10 . 300 Cualquier medio Agregar list Alpina Yogurt Alpina Griego Fresa 150 G 150 Gramos ( Gramo a $ 40 ) $ 6 . 000 $ 6.000 Cualquier medio Agregar list Finesse Bebida Finesse con Leche y Avena 250 G X4 Unds 1000 Gramos ( Gramo a $ 15 , 95 ) $ 15 . 950 Vendido por: Olimpica $ 15 . 950 Cualquier medio Agregar Información general - Descripción del producto Disfruta de la Nutrición y Sabor Único del Pan Vital Bimbo Integral Multicereal Explora la combinación perfecta de nutrición y sabor con el Pan Vital Bimbo Integral Multicereal. Este producto de alta calidad ofrece la frescura característica de Bimbo junto con los beneficios de los cereales integrales, proporcionando una opción deliciosa y salud",,20,,,,unknown,
Se interrumpió la conexión,Se interrumpió la conexión Se detectó un cambio de red. ERR_NETWORK_CHANGED Volver a cargar Se detectó un cambio de red.,,,,,,unknown,
Selecciona tu,"Selecciona tu Método de envío Encuentra todo lo que necesitas Iniciar sesión Categorías Supermercado Medicamentos y Dermo Electro y Tecnología Hogar Tienda Junior Recetas Solicita tu Tarjeta Puntos Plata Conocer mis beneficios Mis Puntos Plata Clave de redención Tarjetas de regalo y convenios ¡Regístrate acá y aprovecha todos los beneficios que Cliente Plata tiene para ti! Estas viendo productos para barranquilla ¿Tu pedido es para entrega en barranquilla? Te mostraremos los productos mas adecuados para tu ciudad Mantener Cambiar Supermercado Panadería Panadería Fresca Pan Olimpica Integral Molde 540 G Pan Olimpica Integral Molde 540 G Item ID : 350168 Vendido Por: Olimpica Agregar list Información general - Descripción del producto Pan Integral Olimpica Molde 540 G Mostrar más Especificaciones + Especificaciones técnicas Propiedad Especificación Tipo de Panadería Fresca Pan Fresco Ver más Aires acondicionados comprar Pedir medicamentos online Suscripción boletín ofertas Electrodomésticos ofertas Licores a domicilio Comentarios ☆ ☆ ☆ ☆ ☆ 0 Calificación promedio (0 comentarios) Por favor, inicia sesión para escribir un comentario. Más reciente Ordenar por: Más reciente Más antiguo Calificación más alta Calificación más baja Todos Filtrar por: Todos 1 estrella 2 estrellas 3 estrellas 4 estrellas 5 estrellas No hay comentarios. Evalúanos Términos más buscados 1. celulares 2. neveras 3. iphone 4. lavadora 5. aire 6. televisores 7. estufa 8. colchon 9. cafe 10. nevera",,,,,,unknown,
Selecciona tu,"Selecciona tu Método de envío Encuentra todo lo que necesitas Iniciar sesión Categorías Supermercado Medicamentos y Dermo Electro y Tecnología Hogar Tienda Junior Recetas Solicita tu Tarjeta Puntos Plata Conocer mis beneficios Mis Puntos Plata Clave de redención Tarjetas de regalo y convenios ¡Regístrate acá y aprovecha todos los beneficios que Cliente Plata tiene para ti! Estas viendo productos para barranquilla ¿Tu pedido es para entrega en barranquilla? Te mostraremos los productos mas adecuados para tu ciudad Mantener Cambiar Supermercado Desayuno Pan Empacado Pan Mama Ines Tajado Integral 440 G Pan Mama Ines Tajado Integral 440 G Item ID : 691537 Vendido Por: Olimpica Agregar list Empieza tu día con sabor y energía list Sary Arepa Sary Maíz Extra Delgada 600 G X10 Unds 600 Gramos ( Gramo a $ 12 , 42 ) $ 7 . 450 $ 7.450 Cualquier medio Agregar list Sanissimo Tostada Sanissimo Arroz Integral 72 G 72 Gramos ( Gramo a $ 91 , 67 ) $ 6 . 600 $ 6.600 Cualquier medio Agregar list Practis Esparcible Practis con Sal 200 G 200 Gramos ( Gramo a $ 22 , 75 ) $ 4 . 550 $ 4.550 Cualquier medio Agregar list Santa Clara Caladitos Santa Clara 340 G X24 Unds Agregar list Mama Ines Tostada Mama Ines 3 Tacos 280 G X24 Unds list Santa Anita Huevo Santa Anita Blanco AA Amarrado X30 Unds Vendido por: Olimpica Agregar Información general - Descripción del producto PAN TAJADO MAMA INES INTEGRAL 440 g Mostrar más Especificaciones + Especificaciones técnicas Propiedad Especificación Ver más Comprar productos cocina online Comprar computadores baratos Televisor Computadores baratos Venta de electrodomésticos hogar Comentarios ☆ ☆ ☆ ☆ ☆ 0 (0 comentarios) Por favor, inicia sesión para escribir un comentario. Más reciente Ordenar por: Más reciente Más antiguo Calificación más alta Calificación más baja Todos Filtrar por: Todos 1 estrella 2 estrellas 3 estrellas 4 estrellas 5 estrellas No hay comentarios. Evalúanos Términos más buscados 1. celulares 2. neveras 3. iphone 4. lavadora 5. aire 6. t",,12,,,,unknown,
Se interrumpió la conexión,Se interrumpió la conexión Se detectó un cambio de red. ERR_NETWORK_CHANGED Volver a cargar Se detectó un cambio de red.,,,,,,unknown,
Selecciona tu,"Selecciona tu Método de envío Encuentra todo lo que necesitas Iniciar sesión Categorías Supermercado Medicamentos y Dermo Electro y Tecnología Hogar Tienda Junior Recetas Solicita tu Tarjeta Puntos Plata Conocer mis beneficios Mis Puntos Plata Clave de redención Tarjetas de regalo y convenios ¡Regístrate acá y aprovecha todos los beneficios que Cliente Plata tiene para ti! Estas viendo productos para barranquilla ¿Tu pedido es para entrega en barranquilla? Te mostraremos los productos mas adecuados para tu ciudad Mantener Cambiar Supermercado Desayuno Lácteos Leche Colanta Uht Entera 1000 Ml X6 Unds Leche Colanta Uht Entera 1000 Ml X6 Unds $ 29 . 100 Cualquier medio Item ID : 2256647 Vendido Por: Olimpica Agregar list Empieza tu día con sabor y energía list Colanta Leche Colanta Uht Deslactosada 1000 Ml X6 Unds $ 28 . 600 $ 28 . 600 Cualquier medio Agregar list Colanta Leche Colanta Deslactosada 1,1 Lt X6 Unds 6600 Mililitros ( Mililitro a $ 4 , 74 ) $ 31 . 300 Vendido por: Olimpica $ 31 . 300 Cualquier medio Agregar list Colanta Leche Colanta Uht Entera 1,1 Lt X6 Unds 6600 Mililitros ( Mililitro a $ 4 , 74 ) $ 31 . 300 Vendido por: Olimpica $ 31 . 300 Cualquier medio Agregar list Colanta Queso Colanta Crema 400 G 400 Gramos ( Gramo a $ 26 , 25 ) $ 10 . 500 Vendido por: Olimpica $ 10 . 500 Cualquier medio Agregar list Colanta Leche Colanta Entera 1 Lt 1000 Mililitros ( Mililitro a $ 4 , 1 ) $ 4 . 100 Vendido por: Olimpica $ 4.100 Cualquier medio Agregar list Colanta Leche Colanta Uht Entera 6000 Ml 6000 Mililitros ( Mililitro a $ 5 , 65 ) $ 33 . 900 $ 33 . 900 Cualquier medio Agregar Información general - Descripción del producto LECHE UHT COLANTA ENTERA 1000ML X6 Mostrar más Especificaciones + Especificaciones técnicas Propiedad Especificación Tipo de Lácteo Leche Complementa tu elección 58 list One pixel Casa Corral Perros Plegable Mascota Aire Libre $ 149 . 900 $ 62 . 900 Ahorra $ 87 . 000 $ 62 . 900 Cualquier medio Antes: $ 149 . 900 Agregar list Lopets SNACKS L",,29,,,,unknown,
No se puede acceder a este sitio,No se puede acceder a este sitio Es posible que la página web en https://www.heb.com.mx/papa-blanca-23882/p no funcione temporalmente o se haya trasladado de manera permanente a una nueva dirección web. ERR_FAILED Es posible que la página web en https://www.heb.com.mx/papa-blanca-23882/p no funcione temporalmente o se haya trasladado de manera permanente a una nueva dirección web.,,,,,,unknown,
Selecciona tu,"Selecciona tu Método de envío Encuentra todo lo que necesitas Iniciar sesión Categorías Supermercado Medicamentos y Dermo Electro y Tecnología Hogar Tienda Junior Recetas Solicita tu Tarjeta Puntos Plata Conocer mis beneficios Mis Puntos Plata Clave de redención Tarjetas de regalo y convenios ¡Regístrate acá y aprovecha todos los beneficios que Cliente Plata tiene para ti! Estas viendo productos para barranquilla ¿Tu pedido es para entrega en barranquilla? Te mostraremos los productos mas adecuados para tu ciudad Mantener Cambiar Supermercado Desayuno Lácteos Leche Alquería Original 1,1 Lt X6 Unds Leche Alquería Original 1,1 Lt X6 Unds $ 35 . 600 Cualquier medio Item ID : 2312885 Vendido Por: Olimpica Agregar list Empieza tu día con sabor y energía 1 list Alqueria Leche Alquería Entera 900 Ml X6 Unds $ 25 . 290 $ 25 . 290 Cualquier medio Agregar list Alqueria Leche Alquería Deslactosada 1,3 Lt X6 Unds 7800 Mililitros ( Mililitro a $ 5 , 13 ) $ 40 . 050 Vendido por: Olimpica $ 40 . 050 Cualquier medio Agregar list Alqueria Leche Alquería Deslactosada 1,1 Lt X6 Unds 6600 Mililitros ( Mililitro a $ 5 , 05 ) $ 33 . 350 Vendido por: Olimpica $ 33 . 350 Cualquier medio Agregar list Alqueria Leche Alquería Original 1 Lt X4 Unds $ 27 . 400 $ 27 . 400 Cualquier medio Agregar list Nescafe Dolce Gusto Café Nescafé Dolce Gusto Americano Cápsulas 80 G $ 23 . 500 $ 23 . 500 Cualquier medio Agregar list Alqueria Leche Alquería Original 180 Ml X3 Unds $ 7 . 100 $ 7.100 Cualquier medio Agregar Información general - Descripción del producto Leche Sabor Original Alqueria 1.1L x6unds Mostrar más Especificaciones + Especificaciones técnicas Propiedad Especificación Ver más Leche Alquería Original Leche Sabor Original Alquería 1100 ml Leche Pedir medicamentos online Televisores Aires acondicionados Comentarios ☆ ☆ ☆ ☆ ☆ 0 (0 comentarios) Por favor, inicia sesión para escribir un comentario. Más reciente Ordenar por: Más reciente Más antiguo Calificación más alta Calificación más baja Tod",,35,,,,unknown,
Selecciona tu,"Selecciona tu Método de envío Encuentra todo lo que necesitas Iniciar sesión Categorías Supermercado Medicamentos y Dermo Electro y Tecnología Hogar Tienda Junior Recetas Solicita tu Tarjeta Puntos Plata Conocer mis beneficios Mis Puntos Plata Clave de redención Tarjetas de regalo y convenios ¡Regístrate acá y aprovecha todos los beneficios que Cliente Plata tiene para ti! Estas viendo productos para barranquilla ¿Tu pedido es para entrega en barranquilla? Te mostraremos los productos mas adecuados para tu ciudad Mantener Cambiar Supermercado Desayuno Lácteos Leche Olimpica Uht Entera 800 Ml X6 Unds Leche Olimpica Uht Entera 800 Ml X6 Unds $ 16 . 590 Cualquier medio Item ID : 2313339 Vendido Por: Olimpica Agregar list Información general - Descripción del producto Leche Olimpica Uht Entera 800 Ml X6 Unds Mostrar más Especificaciones + Especificaciones técnicas Propiedad Especificación Comentarios ☆ ☆ ☆ ☆ ☆ 0 Calificación promedio (0 comentarios) Por favor, inicia sesión para escribir un comentario. Más reciente Ordenar por: Más reciente Más antiguo Calificación más alta Calificación más baja Todos Filtrar por: Todos 1 estrella 2 estrellas 3 estrellas 4 estrellas 5 estrellas No hay comentarios. Evalúanos",,16,,,,unknown,
Se interrumpió la conexión,Se interrumpió la conexión Se detectó un cambio de red. ERR_NETWORK_CHANGED Volver a cargar Se detectó un cambio de red.,,,,,,unknown,
Selecciona tu,"Selecciona tu Método de envío Encuentra todo lo que necesitas Iniciar sesión Categorías Supermercado Medicamentos y Dermo Electro y Tecnología Hogar Tienda Junior Recetas Solicita tu Tarjeta Puntos Plata Conocer mis beneficios Mis Puntos Plata Clave de redención Tarjetas de regalo y convenios ¡Regístrate acá y aprovecha todos los beneficios que Cliente Plata tiene para ti! Estas viendo productos para barranquilla ¿Tu pedido es para entrega en barranquilla? Te mostraremos los productos mas adecuados para tu ciudad Mantener Cambiar Supermercado Frutas y verduras Verduras Tomate La Económica Pera 1 Kg Tomate La Económica Pera 1 Kg $ 5.990 Cualquier medio Item ID : 2569 Vendido Por: Olimpica Presentación Unidad Agregar list Frescura natural para tu mesa diaria list Sin Marca Tomate Río Grande/Ciruelo 1000 Gramos ( Gramo a $ 6 , 98 ) Presentación Unidad Kilogramo $ 6 . 980 $ 6.980 Cualquier medio Agregar list Sin Marca Cebolla Cabezona Roja 1000 Gramos ( Gramo a $ 6 , 48 ) Presentación Unidad Kilogramo $ 6 . 480 $ 6.480 Cualquier medio Agregar 1 list Sin Marca Ajo Importado Malla 90 G X3 Unds 90 Gramos ( Gramo a $ 14 , 33 ) Presentación Unidad $ 1 . 290 $ 1.290 Cualquier medio Agregar list Sin Marca Pimentón Rojo 1000 Gramos ( Gramo a $ 9 , 98 ) Presentación Unidad Kilogramo $ 9 . 980 $ 9.980 Cualquier medio Agregar list Sin Marca Papa Criolla Kg 1000 Gramos ( Gramo a $ 9 , 98 ) Presentación Unidad Kilogramo $ 9 . 980 $ 9.980 Cualquier medio Agregar list Sin Marca Cilantro Criollo 50 G 50 Gramos ( Gramo a $ 37 , 6 ) Presentación Unidad $ 1 . 880 $ 1.880 Cualquier medio Agregar Información general - Descripción del producto Tomate Pera La Económica 1 Kg. Aquí puedes encontrar más productos marca La Economica Mostrar más Especificaciones + Complementa tu elección list Sin Marca Zanahoria Primera 1000 Gramos ( Gramo a $ 6 , 98 ) Presentación Unidad Kilogramo $ 6 . 980 $ 6.980 Cualquier medio Agregar list Sin Marca Plátano Verde 1,5 Kg Presentación Unidad $ 5 . 790 $ 5.790 C",,5990,,,,unknown,
Selecciona tu,"Selecciona tu Método de envío Encuentra todo lo que necesitas Iniciar sesión Categorías Supermercado Medicamentos y Dermo Electro y Tecnología Hogar Tienda Junior Recetas Solicita tu Tarjeta Puntos Plata Conocer mis beneficios Mis Puntos Plata Clave de redención Tarjetas de regalo y convenios ¡Regístrate acá y aprovecha todos los beneficios que Cliente Plata tiene para ti! Estas viendo productos para barranquilla ¿Tu pedido es para entrega en barranquilla? Te mostraremos los productos mas adecuados para tu ciudad Mantener Cambiar Supermercado Frutas y verduras Verduras Tomate La Giralda Chonto Selecto X Kg Tomate La Giralda Chonto Selecto X Kg Item ID : 12848 Vendido Por: Olimpica Presentación Kilogramo Agregar list Frescura natural para tu mesa diaria list Sin Marca Cebolla Cabezona Roja 1000 Gramos ( Gramo a $ 6 , 48 ) Presentación Unidad Kilogramo $ 6 . 480 $ 6.480 Cualquier medio Agregar list La Granjita Cebolla Junca 250 G 250 Gramos ( Gramo a $ 17 , 92 ) Presentación Unidad $ 4 . 480 $ 4.480 Cualquier medio Agregar list La Giralda Tomate Hacienda La Giralda Cherry Uva 250 G 250 Gramos ( Gramo a $ 35 , 96 ) Presentación Unidad $ 8 . 990 $ 8.990 Cualquier medio Agregar list Sin Marca Mandarina Importada Presentación Unidad Kilogramo $ 18 . 990 Agregar list La Giralda Tomate La Giralda Cherry 500 G 500 Gramos ( Gramo a $ 23 , 98 ) Presentación Kilogramo $ 11 . 990 $ 11 . 990 Cualquier medio Agregar list Sin Marca Cebolla Cabeza Blanca 1 Kg Presentación Unidad $ 6 . 690 Agregar Información general - Descripción del producto Tomate Chonto La Giralda Selecto X Kg Mostrar más Especificaciones + Especificaciones técnicas Propiedad Especificación Ver más Supermercado en línea Precio aire acondicionado Olimpo Aires Acondicionados Ropa deportiva Comprar artículos deportivos Comentarios ☆ ☆ ☆ ☆ ☆ 0 (0 comentarios) Por favor, inicia sesión para escribir un comentario. Más reciente Ordenar por: Más reciente Más antiguo Calificación más alta Calificación más baja Todos Filtr",,6,,,,unknown,
Selecciona tu,"Selecciona tu Método de envío Encuentra todo lo que necesitas Iniciar sesión Categorías Supermercado Medicamentos y Dermo Electro y Tecnología Hogar Tienda Junior Recetas Solicita tu Tarjeta Puntos Plata Conocer mis beneficios Mis Puntos Plata Clave de redención Tarjetas de regalo y convenios ¡Regístrate acá y aprovecha todos los beneficios que Cliente Plata tiene para ti! Estas viendo productos para barranquilla ¿Tu pedido es para entrega en barranquilla? Te mostraremos los productos mas adecuados para tu ciudad Mantener Cambiar Supermercado Frutas y verduras Frutas Tomate Tamarillo X Kg Tomate Tamarillo X Kg 1000 Gramos ( Gramo a $ 9 , 48 ) $ 9.480 Cualquier medio Item ID : 6572 Vendido Por: Olimpica Presentación Kilogramo Agregar list Frescura natural para tu mesa diaria list Yuca Presentación Unidad Kilogramo $ 4 . 680 list Sin Marca Tomate de Árbol 3X2 Lb Oferta X Und Presentación Unidad $ 7 . 990 list Sin Marca Papaya Común Redonda Presentación Unidad Kilogramo $ 10 . 000 list Sin Marca Tomate de Árbol Presentación Unidad Kilogramo $ 5 . 680 list Manzana Mixta #1 X Kg Presentación Kilogramo $ 14 . 980 list Sin Marca Borojó 250 G Presentación Unidad $ 3 . 700 Información general - Descripción del producto Tomate Tamarillo X Kg Mostrar más Especificaciones + Especificaciones técnicas Propiedad Especificación Ver más Descuentos tecnología Ofertas en celulares nuevos Ofertas exclusivas Televisor Televisores envío gratis Viajes económicos Feria de cocina Comentarios ☆ ☆ ☆ ☆ ☆ 0 Calificación promedio (0 comentarios) Por favor, inicia sesión para escribir un comentario. Más reciente Ordenar por: Más reciente Más antiguo Calificación más alta Calificación más baja Todos Filtrar por: Todos 1 estrella 2 estrellas 3 estrellas 4 estrellas 5 estrellas No hay comentarios. Evalúanos Términos más buscados 1. celulares 2. neveras 3. iphone 4. lavadora 5. aire 6. televisores 7. estufa 8. colchon 9. cafe 10. nevera",,9,,,,unknown,
Selecciona tu,"Selecciona tu Método de envío Encuentra todo lo que necesitas Iniciar sesión Categorías Supermercado Medicamentos y Dermo Electro y Tecnología Hogar Tienda Junior Recetas Solicita tu Tarjeta Puntos Plata Conocer mis beneficios Mis Puntos Plata Clave de redención Tarjetas de regalo y convenios ¡Regístrate acá y aprovecha todos los beneficios que Cliente Plata tiene para ti! Estas viendo productos para barranquilla ¿Tu pedido es para entrega en barranquilla? Te mostraremos los productos mas adecuados para tu ciudad Mantener Cambiar Supermercado Frutas y verduras Verduras Tomate Río Grande/Ciruelo Tomate Río Grande/Ciruelo 1000 Gramos ( Gramo a $ 6 , 98 ) $ 6.980 Cualquier medio Item ID : 747 Vendido Por: Olimpica Presentación Unidad Kilogramo Agregar list Frescura natural para tu mesa diaria 1 list Sin Marca Banano Maduro 1000 Gramos ( Gramo a $ 3 , 2 ) Presentación Unidad Kilogramo $ 3 . 200 $ 3.200 Cualquier medio Agregar list Sin Marca Tomate Río Grande/Ciruelo 1000 Gramos ( Gramo a $ 6 , 98 ) Presentación Unidad Kilogramo $ 6 . 980 $ 6.980 Cualquier medio Agregar list Sin Marca Zanahoria Primera 1000 Gramos ( Gramo a $ 6 , 98 ) Presentación Unidad Kilogramo $ 6 . 980 $ 6.980 Cualquier medio Agregar list Sin Marca Cebolla Cabezona Roja 1000 Gramos ( Gramo a $ 6 , 48 ) Presentación Unidad Kilogramo $ 6 . 480 $ 6.480 Cualquier medio Agregar list La Economica Tomate La Económica Pera 1 Kg Presentación Unidad $ 5 . 990 $ 5.990 Cualquier medio Agregar 1 list Sin Marca Ajo Importado Malla 90 G X3 Unds 90 Gramos ( Gramo a $ 14 , 33 ) Presentación Unidad $ 1 . 290 $ 1.290 Cualquier medio Agregar Información general - Descripción del producto Tomate Río Grande/Ciruelo Mostrar más Especificaciones + Especificaciones técnicas Propiedad Especificación Comentarios ☆ ☆ ☆ ☆ ☆ 0 (0 comentarios) Por favor, inicia sesión para escribir un comentario. Más reciente Ordenar por: Más reciente Más antiguo Calificación más alta Calificación más baja Todos Filtrar por: Todos 1 estrella 2 es",,6,,,,unknown,
Selecciona tu,"Selecciona tu Método de envío Encuentra todo lo que necesitas Iniciar sesión Categorías Supermercado Medicamentos y Dermo Electro y Tecnología Hogar Tienda Junior Recetas Solicita tu Tarjeta Puntos Plata Conocer mis beneficios Mis Puntos Plata Clave de redención Tarjetas de regalo y convenios ¡Regístrate acá y aprovecha todos los beneficios que Cliente Plata tiene para ti! Estas viendo productos para barranquilla ¿Tu pedido es para entrega en barranquilla? Te mostraremos los productos mas adecuados para tu ciudad Mantener Cambiar Supermercado Despensa Vegetales Envasados Tomate Hunt's Picado en Cubitos 411 G Tomate Hunt's Picado en Cubitos 411 G 411 Gramos ( Gramo a $ 51 , 46 ) $ 21 . 150 Cualquier medio Item ID : 1104106 Vendido Por: Olimpica Agregar list Sabores y nutrición para tu hogar list Doria PASTA LASAÑA DORIA PRECOCIDA 400g $ 10 . 490 $ 10 . 490 Cualquier medio Agregar list La Coruña Arveja La Coruña al Natural 310 G 180 Gramos ( Gramo a $ 30 , 28 ) $ 5 . 450 $ 5.450 Cualquier medio Agregar list Badia CONDIMENTO PAPRIKA BADIA FRASCO 56.7g $ 16 . 650 $ 16 . 650 Cualquier medio Agregar list Zenu CHAMPIÑON ZENU TAJADO 230g $ 8 . 500 $ 8.500 Cualquier medio Agregar list Hunt'S Pasta Hunt's de Tomate 170 G 170 Gramos ( Gramo a $ 66 , 47 ) $ 11 . 300 $ 11 . 300 Cualquier medio Agregar list Colanta Arequipe Colanta 220 G 220 Gramos ( Gramo a $ 37 , 45 ) $ 8 . 240 $ 8.240 Cualquier medio Agregar Información general - Descripción del producto Tomate Hunt's Picados En Cubitos 411 G Mostrar más Especificaciones + Especificaciones técnicas Propiedad Especificación Tipo de Vegetales Envasados Otros Vegetales Envasados Complementa tu elección list Del Alba Pasaboca del Alba Almendra Salada 100 G $ 16 . 080 list Why Not Esparcible Why Not Choco Avellana 284 G $ 51 . 140 Vendido por: Olimpica Agregar list Pesco Langostino Pesco Jumbo 300 G $ 38 . 000 $ 38 . 000 Cualquier medio Agregar list Greco Galleta Greco Kurabié Mediterráneas Almendra 200 G $ 19 . 550 list Alamos Vin",,51,,,,unknown,
Selecciona tu,"Selecciona tu Método de envío Encuentra todo lo que necesitas Iniciar sesión Categorías Supermercado Medicamentos y Dermo Electro y Tecnología Hogar Tienda Junior Recetas Solicita tu Tarjeta Puntos Plata Conocer mis beneficios Mis Puntos Plata Clave de redención Tarjetas de regalo y convenios ¡Regístrate acá y aprovecha todos los beneficios que Cliente Plata tiene para ti! Estas viendo productos para barranquilla ¿Tu pedido es para entrega en barranquilla? Te mostraremos los productos mas adecuados para tu ciudad Mantener Cambiar Supermercado Frutas y verduras Frutas Banano Bocadillo X Kg Banano Bocadillo X Kg 1000 Gramos ( Gramo a $ 5 , 68 ) $ 5.680 Cualquier medio Item ID : 4456 Vendido Por: Olimpica Presentación Kilogramo Agregar list Frescura natural para tu mesa diaria 1 list Sin Marca Banano Maduro 1000 Gramos ( Gramo a $ 3 , 2 ) Presentación Unidad Kilogramo $ 3 . 200 $ 3.200 Cualquier medio Agregar 1 list Sin Marca Piña Golden X Kg 1000 Gramos ( Gramo a $ 4 , 95 ) Presentación Kilogramo $ 4 . 950 $ 4.950 Cualquier medio Agregar 1 list Sin Marca Papaya Común Unidades Zapote 1000 Gramos ( Gramo a $ 4 , 68 ) Presentación Unidad Kilogramo $ 4 . 680 $ 4.680 Cualquier medio Agregar list Sin Marca Patilla Baby 1000 Gramos ( Gramo a $ 4 , 98 ) Presentación Unidad Kilogramo $ 4 . 980 $ 4.980 Cualquier medio Agregar list La Giralda Uchuva La Giralda 300 G 300 Gramos ( Gramo a $ 20 , 67 ) Presentación Unidad $ 6 . 200 $ 6.200 Cualquier medio Agregar list Sin Marca Durazno Nacional Amarillo Presentación Kilogramo $ 12 . 480 $ 12 . 480 Cualquier medio Agregar Información general - Descripción del producto BANANO BOCADILLO. Aquí puedes encontrar más productos fruver-lista-a Mostrar más Especificaciones + Especificaciones técnicas Propiedad Especificación Complementa tu elección 1 list Sin Marca Naranja Olimpica 2,5 Kg 2500 Gramos ( Gramo a $ 3 , 19 ) Presentación Unidad $ 7 . 980 $ 7.980 Cualquier medio Agregar list Sin Marca Aguacate Hass 1000 Gramos ( Gramo a $ 8 , 98 )",,5,,,,unknown,
Selecciona tu,"Selecciona tu Método de envío Encuentra todo lo que necesitas Iniciar sesión Categorías Supermercado Medicamentos y Dermo Electro y Tecnología Hogar Tienda Junior Recetas Solicita tu Tarjeta Puntos Plata Conocer mis beneficios Mis Puntos Plata Clave de redención Tarjetas de regalo y convenios ¡Regístrate acá y aprovecha todos los beneficios que Cliente Plata tiene para ti! Estas viendo productos para barranquilla ¿Tu pedido es para entrega en barranquilla? Te mostraremos los productos mas adecuados para tu ciudad Mantener Cambiar Supermercado Frutas y verduras Frutas Banano Maduro Banano Maduro Item ID : 750 Vendido Por: Olimpica Presentación Unidad Kilogramo Agregar list Información general - Descripción del producto Banano Maduro Mostrar más Especificaciones + Especificaciones técnicas Propiedad Especificación Comentarios ☆ ☆ ☆ ☆ ☆ 0 Calificación promedio (0 comentarios) Por favor, inicia sesión para escribir un comentario. Más reciente Ordenar por: Más reciente Más antiguo Calificación más alta Calificación más baja Todos Filtrar por: Todos 1 estrella 2 estrellas 3 estrellas 4 estrellas 5 estrellas No hay comentarios. Evalúanos",,,,,,unknown,
¡Nueva tarjeta de crédito HEB Afirme!,"¡Nueva tarjeta de crédito HEB Afirme! Consigue la tuya aquí Elige método de entrega Buscar productos Mis listas Mis pedidos Iniciar sesión $0 Pasillos Promociones exclusivas con Nuevos Productos Vive Saludable Mascotas Exclusivos en línea Live Promociones Frutas y Verduras Verduras Cebollas Cebolla Blanca con Cáscara Cebolla Blanca con Cáscara ☆ ☆ ☆ ☆ ☆ (0) Por favor, inicia sesión para escribir un comentario. Referencia : 234094 $24.00 0.362 ＋ － Cambiar a Kg Cambiar a Pz Agregar Promociones bancarias Obtén un 5% de cashback en todas tus compras en heb.com.mx y nuestra app con la tarjeta de crédito HEB Afirme . Solicítala aquí Métodos de entrega Pick&Go Delivery Compartir Descripción Características Reseñas Tipo de producto Cebolla Marca Sin Marca Denominación/Variedad Blanca con cáscara Contenido neto 1 kg Presentación Granel Denominación dietética Baja en calorías. Vitamina C Condición alimentaria Dieta. Sistema inmune. Anemia. Inflamación. Antioxidante Beneficios nutricionales Una buena dosis de Vitamina C produce una mejora en el sistema inmunitario por lo que reduce riesgo de infecciones. Una función es el mantenimiento de la resistencia a las enfermedades bacterianas y víricas. Promueve la absorción del hierro. Protege como antioxidante. Importante en las respuestas inmunitarias, la curación de las heridas y las reacciones alérgicas Energía por 100 g 40 Kcal Proteínas totales por 100 g 1 g Carbohidratos totales por 100 g 9 g Azúcares totales por 100 g 4 g Sodio por 100 g 4 mg Suscríbete a nuestro Newsletter y entérate de las ofertas y lanzamientos. Suscríbete a nuestro Newsletter y entérate de las ofertas y lanzamientos. Suscríbete Aviso de Privacidad | Términos y Condiciones | Politica de Devoluciones | Términos y Condiciones: Cupones y Promociones | Promociones Bancarias © 2024 H-E-B México - TODOS LOS DERECHOS RESERVADOS",,0,,,,unknown,
Selecciona tu,"Selecciona tu Método de envío Encuentra todo lo que necesitas Iniciar sesión Categorías Supermercado Medicamentos y Dermo Electro y Tecnología Hogar Tienda Junior Recetas Solicita tu Tarjeta Puntos Plata Conocer mis beneficios Mis Puntos Plata Clave de redención Tarjetas de regalo y convenios ¡Regístrate acá y aprovecha todos los beneficios que Cliente Plata tiene para ti! Estas viendo productos para barranquilla ¿Tu pedido es para entrega en barranquilla? Te mostraremos los productos mas adecuados para tu ciudad Mantener Cambiar Supermercado Frutas y verduras Verduras Cebolla Cabezona Blanca 1 Cebolla Cabezona Blanca 1000 Gramos ( Gramo a $ 6 , 28 ) $ 6.280 Cualquier medio Item ID : 613 Vendido Por: Olimpica Presentación Unidad Kilogramo Agregar list Frescura natural para tu mesa diaria 1 list Sin Marca Banano Maduro 1000 Gramos ( Gramo a $ 3 , 2 ) Presentación Unidad Kilogramo $ 3 . 200 $ 3.200 Cualquier medio Agregar list Sin Marca Tomate Río Grande/Ciruelo 1000 Gramos ( Gramo a $ 6 , 98 ) Presentación Unidad Kilogramo $ 6 . 980 $ 6.980 Cualquier medio Agregar list Sin Marca Zanahoria Primera 1000 Gramos ( Gramo a $ 6 , 98 ) Presentación Unidad Kilogramo $ 6 . 980 $ 6.980 Cualquier medio Agregar list Sin Marca Cebolla Cabezona Roja 1000 Gramos ( Gramo a $ 6 , 48 ) Presentación Unidad Kilogramo $ 6 . 480 $ 6.480 Cualquier medio Agregar list La Economica Tomate La Económica Pera 1 Kg Presentación Unidad $ 5 . 990 $ 5.990 Cualquier medio Agregar 1 list Sin Marca Ajo Importado Malla 90 G X3 Unds 90 Gramos ( Gramo a $ 14 , 33 ) Presentación Unidad $ 1 . 290 $ 1.290 Cualquier medio Agregar Información general - Descripción del producto Cebolla Cabezona Blanca Mostrar más Especificaciones + Especificaciones técnicas Propiedad Especificación Complementa tu elección 1 list Olimpica Papa Olimpica Pastusa X 2,5 Kg 2500 Gramos ( Gramo a $ 3 , 56 ) Presentación Kilogramo $ 8 . 900 $ 8.900 Cualquier medio Agregar list Sin Marca Papa Criolla Kg 1000 Gramos ( Gramo a $ 9 , 98 ) ",,6,,,,unknown,
Selecciona tu,"Selecciona tu Método de envío Encuentra todo lo que necesitas Iniciar sesión Categorías Supermercado Medicamentos y Dermo Electro y Tecnología Hogar Tienda Junior Recetas Solicita tu Tarjeta Puntos Plata Conocer mis beneficios Mis Puntos Plata Clave de redención Tarjetas de regalo y convenios ¡Regístrate acá y aprovecha todos los beneficios que Cliente Plata tiene para ti! Estas viendo productos para barranquilla ¿Tu pedido es para entrega en barranquilla? Te mostraremos los productos mas adecuados para tu ciudad Mantener Cambiar Supermercado Frutas y verduras Verduras Cebolla FrescoCampo Kosher Cabezona Blanca 1 Kg Cebolla FrescoCampo Kosher Cabezona Blanca 1 Kg Item ID : 12180 Vendido Por: Olimpica Presentación Unidad Agregar list Información general - Descripción del producto Cebolla Frescocampo Kosher Cabezona Blanca 1 Kg Mostrar más Especificaciones + Especificaciones técnicas Propiedad Especificación Ver más Televisor Ofertas del día Hp 240 G9 Aires acondicionados comprar Ofertas televisores Licores a domicilio Comentarios ☆ ☆ ☆ ☆ ☆ 0 (0 comentarios) Por favor, inicia sesión para escribir un comentario. Más reciente Ordenar por: Más reciente Más antiguo Calificación más alta Calificación más baja Todos Filtrar por: Todos 1 estrella 2 estrellas 3 estrellas 4 estrellas 5 estrellas No hay comentarios. Términos más buscados 1. celulares 2. neveras 3. iphone 4. lavadora 5. aire 6. televisores 7. estufa 8. colchon 9. cafe 10. nevera Evalúanos",,,,,,unknown,
Selecciona tu,"Selecciona tu Método de envío Encuentra todo lo que necesitas Iniciar sesión Categorías Supermercado Medicamentos y Dermo Electro y Tecnología Hogar Tienda Junior Recetas Solicita tu Tarjeta Puntos Plata Conocer mis beneficios Mis Puntos Plata Clave de redención Tarjetas de regalo y convenios ¡Regístrate acá y aprovecha todos los beneficios que Cliente Plata tiene para ti! Estas viendo productos para barranquilla ¿Tu pedido es para entrega en barranquilla? Te mostraremos los productos mas adecuados para tu ciudad Mantener Cambiar Supermercado Frutas y verduras Verduras Cebolla Hacienda La Giralda Blanca Selecta X Kg Cebolla Hacienda La Giralda Blanca Selecta X Kg Item ID : 12846 Vendido Por: Olimpica Presentación Unidad Agregar list Frescura natural para tu mesa diaria 1 list Sin Marca Naranja Olimpica 2,5 Kg 2500 Gramos ( Gramo a $ 3 , 19 ) Presentación Unidad $ 7 . 980 $ 7.980 Cualquier medio Agregar list La Granjita Cebolla Junca 250 G 250 Gramos ( Gramo a $ 17 , 92 ) Presentación Unidad $ 4 . 480 $ 4.480 Cualquier medio Agregar list La Giralda Mazorca La Giralda Bogotana Selecta X Kg 1000 Gramos ( Gramo a $ 14 , 99 ) Presentación Kilogramo $ 14 . 990 $ 14 . 990 Cualquier medio Agregar list Sin Marca Cebolla Cabeza Blanca 1 Kg Presentación Unidad $ 6 . 690 $ 6.690 Cualquier medio Agregar 1 list Sin Marca Cebolla Blanca 2X3 Lb Oferta Presentación Kilogramo $ 8 . 990 $ 8.990 Cualquier medio Agregar list Sin Marca Cebolla Cabeza Roja 1,5 Kg Presentación Kilogramo $ 8 . 490 $ 8.490 Cualquier medio Agregar Información general - Descripción del producto Cebolla Hacienda La Giralda Blanca Selecta X Kg Mostrar más Especificaciones + Especificaciones técnicas Propiedad Especificación Complementa tu elección list QUNNO Barra Qunno Coco Square 53 G 53 Gramos ( Gramo a $ 197 , 17 ) $ 10 . 450 $ 10 . 450 Cualquier medio Agregar list Delipavo Salchicha Delipavo Corriente 250 G $ 39 . 900 $ 39 . 900 Cualquier medio Agregar 20 list Nube Snuggy Toalla de Cocina Nube Triple Hoja X",,3,,,,unknown,
Selecciona tu,"Selecciona tu Método de envío Iniciar sesión Categorías Supermercado Medicamentos y Dermo Electro y Tecnología Hogar Tienda Junior Recetas Solicita tu Tarjeta Supermercado Frutas y verduras Verduras Papa Olimpica Pastusa X 2,5 Kg Papa Olimpica Pastusa X 2,5 Kg Cargando comentarios… Item ID : 724 Vendido Por: Olimpica Presentación Kilogramo Información general - Descripción del producto Papa Olimpica Pastusa X 2,5 Kg Mostrar más Especificaciones + Especificaciones técnicas Propiedad Especificación Comentarios Cargando el resumen… Por favor, inicia sesión para escribir un comentario. Más reciente Ordenar por: Más reciente Más antiguo Calificación más alta Calificación más baja Todos Filtrar por: Todos 1 estrella 2 estrellas 3 estrellas 4 estrellas 5 estrellas Cargando comentarios… Evalúanos",,,,,,unknown,
Selecciona tu,"Selecciona tu Método de envío Iniciar sesión Categorías Supermercado Medicamentos y Dermo Electro y Tecnología Hogar Tienda Junior Recetas Solicita tu Tarjeta Supermercado Congelados Vegetales Congelados Papa McCain Tradicionales Rapi Papa 1 Kg Papa McCain Tradicionales Rapi Papa 1 Kg Cargando comentarios… Item ID : 830476 Vendido Por: Olimpica Información general - Descripción del producto Papas McCain Tradicionales Rapi Papa 1 Kg Mostrar más Especificaciones + Especificaciones técnicas Propiedad Especificación Comentarios Cargando el resumen… Por favor, inicia sesión para escribir un comentario. Más reciente Ordenar por: Más reciente Más antiguo Calificación más alta Calificación más baja Todos Filtrar por: Todos 1 estrella 2 estrellas 3 estrellas 4 estrellas 5 estrellas Cargando comentarios… Evalúanos",,,,,,unknown,
Selecciona tu,"Selecciona tu Método de envío Encuentra todo lo que necesitas Iniciar sesión Categorías Supermercado Medicamentos y Dermo Electro y Tecnología Hogar Tienda Junior Recetas Solicita tu Tarjeta Puntos Plata Conocer mis beneficios Mis Puntos Plata Clave de redención Tarjetas de regalo y convenios ¡Regístrate acá y aprovecha todos los beneficios que Cliente Plata tiene para ti! Estas viendo productos para barranquilla ¿Tu pedido es para entrega en barranquilla? Te mostraremos los productos mas adecuados para tu ciudad Mantener Cambiar Supermercado Congelados Vegetales Congelados Papa Medalla de Oro a la Francesa 1000 G 1 Papa Medalla de Oro a la Francesa 1000 G 1000 Gramos ( Gramo a $ 11 , 99 ) $ 11 . 990 Cualquier medio Item ID : 2142591 Vendido Por: Olimpica Agregar list Delicias congeladas para todos los gustos list Medalla De Oro Mix de Vegetales Medalla de Oro Maíz/Arveja/Zanahoria 500 G $ 6 . 690 $ 6.690 Cualquier medio Agregar list Mc Cain Papa McCain Tradicionales Rapi Papa 1 Kg 1000 Gramos ( Gramo a $ 19 , 9 ) $ 19 . 900 $ 19 . 900 Cualquier medio Agregar list Kokoriko Milanesa Kokoriko Pollo Apanada 279 G $ 13 . 800 $ 13 . 800 Cualquier medio Agregar list Mc Cain Papa McCain a la Francesa Papa Fácil 1 Kg 1000 Gramos ( Gramo a $ 16 , 5 ) $ 16 . 500 $ 16 . 500 Cualquier medio Agregar list Mc Cain Papa McCain Delgadas Rapi Papa 1 Kg 1000 Gramos ( Gramo a $ 21 , 05 ) $ 21 . 050 $ 21 . 050 Cualquier medio Agregar list Kokoriko Nuggets Kokoriko Coma 300 G X20 Unds 300 Gramos ( Gramo a $ 63 ) $ 18 . 900 $ 18 . 900 Cualquier medio Agregar Información general - Descripción del producto Papas Medalla De Oro a la Francesa 1000 G Mostrar más Especificaciones + Especificaciones técnicas Propiedad Especificación Complementa tu elección list La Giralda Pulpa La Giralda Mora Congelada 200 G $ 3 . 200 $ 3.200 Cualquier medio Agregar list La Giralda Pulpa La Giralda Fresa Congelada 200 G $ 3 . 200 $ 3.200 Cualquier medio Agregar list Piko Riko Hambuguesa de Pollo Piko Riko 500 G",,11,,,,unknown,
Selecciona tu,"Selecciona tu Método de envío Encuentra todo lo que necesitas Iniciar sesión Categorías Supermercado Medicamentos y Dermo Electro y Tecnología Hogar Tienda Junior Recetas Solicita tu Tarjeta Puntos Plata Conocer mis beneficios Mis Puntos Plata Clave de redención Tarjetas de regalo y convenios ¡Regístrate acá y aprovecha todos los beneficios que Cliente Plata tiene para ti! Estas viendo productos para barranquilla ¿Tu pedido es para entrega en barranquilla? Te mostraremos los productos mas adecuados para tu ciudad Mantener Cambiar Supermercado Congelados Vegetales Congelados Papa McCain a la Francesa Papa Fácil 1 Kg Papa McCain a la Francesa Papa Fácil 1 Kg 1000 Gramos ( Gramo a $ 16 , 5 ) $ 16 . 500 Cualquier medio Item ID : 1650663 Vendido Por: Olimpica Agregar list Delicias congeladas para todos los gustos 1 list Medalla De Oro Papa Medalla de Oro a la Francesa 1000 G 1000 Gramos ( Gramo a $ 11 , 99 ) $ 11 . 990 $ 11 . 990 Cualquier medio Agregar list Mc Cain Papa McCain Tradicionales Rapi Papa 1 Kg 1000 Gramos ( Gramo a $ 19 , 9 ) $ 19 . 900 $ 19 . 900 Cualquier medio Agregar list Kokoriko Milanesa Kokoriko Pollo Apanada 279 G $ 13 . 800 $ 13 . 800 Cualquier medio Agregar 1 list Mc Cain Papa McCain Francesas Papa Fácil 500 G 500 Gramos ( Gramo a $ 14 , 04 ) $ 7 . 020 $ 7.020 Cualquier medio Agregar list Mc Cain Papa McCain Delgadas Rapi Papa 1 Kg 1000 Gramos ( Gramo a $ 21 , 05 ) $ 21 . 050 $ 21 . 050 Cualquier medio Agregar list Mc Cain Yuca McCain Palitos Jumbo Rapi Yuca 500 G 500 Gramos ( Gramo a $ 17 , 9 ) $ 8 . 950 $ 8.950 Cualquier medio Agregar Información general - Descripción del producto Papas McCain A La Francesa Papa Fácil 1 Kg Mostrar más Especificaciones + Especificaciones técnicas Propiedad Especificación Complementa tu elección list Zenu Empanada Zenú Coctel 300 G $ 12 . 800 $ 12 . 800 Cualquier medio Agregar list Kokoriko Nuggets Kokoriko Coma 300 G X20 Unds 300 Gramos ( Gramo a $ 63 ) $ 18 . 900 $ 18 . 900 Cualquier medio Agregar list Super Rica",,16,,,,unknown,
Selecciona tu,"Selecciona tu Método de envío Encuentra todo lo que necesitas Iniciar sesión Categorías Supermercado Medicamentos y Dermo Electro y Tecnología Hogar Tienda Junior Recetas Solicita tu Tarjeta Puntos Plata Conocer mis beneficios Mis Puntos Plata Clave de redención Tarjetas de regalo y convenios ¡Regístrate acá y aprovecha todos los beneficios que Cliente Plata tiene para ti! Estas viendo productos para barranquilla ¿Tu pedido es para entrega en barranquilla? Te mostraremos los productos mas adecuados para tu ciudad Mantener Cambiar Supermercado Desayuno Lácteos Queso Colanta Blanco 500 G Queso Colanta Blanco 500 G 500 Gramos ( Gramo a $ 33 , 56 ) $ 16 . 780 Cualquier medio Item ID : 80771 Vendido Por: Olimpica Agregar list Empieza tu día con sabor y energía list Colanta Queso Colanta Costeño Bloque 500 G 500 Gramos ( Gramo a $ 38 , 58 ) $ 19 . 290 Agregar list Alpina Queso ALPINA campesino x250 G $ 11 . 300 Vendido por: Olimpica Agregar list Colanta Queso Colanta Campesino 250 G $ 7 . 190 Vendido por: Olimpica Agregar list Colanta Queso Colanta Mozzarella 500 G X30 Tajadas $ 22 . 550 Vendido por: Olimpica list Colanta Queso Colanta Crema 400 G $ 10 . 500 Vendido por: Olimpica Agregar list Colanta Queso Colanta Blanco 250 G $ 8 . 600 Vendido por: Olimpica Información general - Descripción del producto Queso Blanco Colanta 500 G Mostrar más Especificaciones + Especificaciones técnicas Propiedad Especificación Tipo de Lácteo Queso Comentarios ☆ ☆ ☆ ☆ ☆ 0 Calificación promedio (0 comentarios) Por favor, inicia sesión para escribir un comentario. Más reciente Ordenar por: Más reciente Más antiguo Calificación más alta Calificación más baja Todos Filtrar por: Todos 1 estrella 2 estrellas 3 estrellas 4 estrellas 5 estrellas No hay comentarios. Evalúanos Términos más buscados 1. celulares 2. neveras 3. iphone 4. lavadora 5. aire 6. televisores 7. estufa 8. colchon 9. cafe 10. nevera",,33,,,,unknown,
Selecciona tu,"Selecciona tu Método de envío Encuentra todo lo que necesitas Iniciar sesión Categorías Supermercado Medicamentos y Dermo Electro y Tecnología Hogar Tienda Junior Recetas Solicita tu Tarjeta Puntos Plata Conocer mis beneficios Mis Puntos Plata Clave de redención Tarjetas de regalo y convenios ¡Regístrate acá y aprovecha todos los beneficios que Cliente Plata tiene para ti! Estas viendo productos para barranquilla ¿Tu pedido es para entrega en barranquilla? Te mostraremos los productos mas adecuados para tu ciudad Mantener Cambiar Supermercado Desayuno Lácteos Quesito Alpina Fresco Blando 375 G Quesito Alpina Fresco Blando 375 G 375 Gramos ( Gramo a $ 31 , 33 ) $ 11 . 750 Cualquier medio Item ID : 2047338 Vendido Por: Olimpica Agregar list Empieza tu día con sabor y energía list Alpina Queso Alpina Sabana Tajado 240 G X15 Unds $ 18 . 400 Vendido por: Olimpica list Santa Anita Huevo Santa Anita Rojo AAA Amarrado X30 Unds $ 19 . 800 Vendido por: Olimpica list Babygü Yogurt Baby Gu Natural 113 G $ 3 . 850 list Alpina Quesito Alpina Fresco Blando sin Grasa 185 G $ 6 . 400 Vendido por: Olimpica list Colanta Quesito Colanta al Vacío 200 G $ 5 . 000 Vendido por: Olimpica list Arepa El Carriel Maíz de Chócolo 330 G X5 Unds $ 8 . 950 Información general - Descripción del producto QUESITO ALPINA FRESCO BLANDO 375g Mostrar más Especificaciones + Especificaciones técnicas Propiedad Especificación Tipo de Lácteo Queso Comentarios ☆ ☆ ☆ ☆ ☆ 0 Calificación promedio (0 comentarios) Por favor, inicia sesión para escribir un comentario. Más reciente Ordenar por: Más reciente Más antiguo Calificación más alta Calificación más baja Todos Filtrar por: Todos 1 estrella 2 estrellas 3 estrellas 4 estrellas 5 estrellas No hay comentarios. Evalúanos Términos más buscados 1. celulares 2. neveras 3. iphone 4. lavadora 5. aire 6. televisores 7. estufa 8. colchon 9. cafe 10. nevera",,31,,,,unknown,
Selecciona tu,"Selecciona tu Método de envío Encuentra todo lo que necesitas Iniciar sesión Categorías Supermercado Medicamentos y Dermo Electro y Tecnología Hogar Tienda Junior Recetas Solicita tu Tarjeta Puntos Plata Conocer mis beneficios Mis Puntos Plata Clave de redención Tarjetas de regalo y convenios Supermercado Refrigerados Lácteos y Derivados Refrigerados Queso butirro Del Vecchio 210gr x 3unds Queso butirro Del Vecchio 210gr x 3unds Cargando comentarios… Item ID : 596958 Vendido Por: Olimpica list Información general - Descripción del producto Queso butirro Del Vecchio 210gr x 3unds Mostrar más Especificaciones + Especificaciones técnicas Propiedad Especificación Comentarios Cargando el resumen… Por favor, inicia sesión para escribir un comentario. Más reciente Ordenar por: Más reciente Más antiguo Calificación más alta Calificación más baja Todos Filtrar por: Todos 1 estrella 2 estrellas 3 estrellas 4 estrellas 5 estrellas Cargando comentarios… Evalúanos",,,,,,unknown,
0,"0 BUSCAR PRODUCTOS Ingresa 0 $0 M.N Estás en: La Comer Coyoacán La Comer Tecnológico Toluca La Comer Altaria Aguascalientes La Comer Bosque Esmeralda La Comer Bosque Real La Comer CDMX Sur La Comer Cabo San Lucas La Comer Cascada Los Cabos La Comer Coyoacán La Comer Del Valle La Comer Diana Cuernavaca La Comer El Refugio Qro La Comer Estadio Qro La Comer Iguala La Comer Insurgentes La Comer Irapuato La Comer Iztapalapa Las Torres La Comer Juriquilla La Comer Lago Alberto La Comer Las Animas La Comer Lomas Anáhuac La Comer Manzanillo La Comer Morelia La Comer Nuevo Vallarta La Comer Olivar La Comer Pozuelos Guanajuato La Comer Puebla La Comer Pueblo Nuevo Qro La Comer San Juan del Río La Comer San Miguel de Allende La Comer Santa María La Ribera La Comer Tlalpan La Comer Torres de Satélite La Comer Tultitlán La Comer Uruapan La Comer Vallarta Fluvial La Comer Valle Dorado La Comer Villa Coapa La Comer Zaragoza Qro La Comer Álamos Parque Qro La Comer Coyoacán Dirección MIGUEL ANGEL DE QUEVEDO 443, ROMERO DE TERREROS, 4310 COYOACAN, MEXICO, CIUDAD DE MÉXICO ¡Deseo comprar aquí! Toggle navigation Departamentos Departamentos Sitios de Información Monedero Naranja En tu casa Plus La Comer Card Recetas Spooky Season Departamentos Sitios de Información Recetas Spooky Season Estas en: La Comer Coyoacán Inicio Arroz Super Extra Arroz Super Extra Italriso 900 grs REGRESAR $30.30 M.N. pieza Piezas Agregar PRESENTACIÓN/ENVASE: BOLSA x Promociones Cerrar Más información TAMBIÉN TE PUEDE INTERESAR x M.N. x Piezas Piezas Agregar M.N. x M.N. x Piezas Piezas Agregar M.N. Copyright © La Comer. Todos los derechos reservados. Bienvenidas las tarjetas: 24/04/2019 1.0 Al navegar en este sitio aceptas las cookies que utilizamos para mejorar tu experiencia. ACEPTO",,0,,,,unknown,
Se interrumpió la conexión,Se interrumpió la conexión Se detectó un cambio de red. ERR_NETWORK_CHANGED Volver a cargar Se detectó un cambio de red.,,,,,,unknown,
Selecciona tu,"Selecciona tu Método de envío Encuentra todo lo que necesitas Iniciar sesión Categorías Supermercado Medicamentos y Dermo Electro y Tecnología Hogar Tienda Junior Recetas Solicita tu Tarjeta Puntos Plata Conocer mis beneficios Mis Puntos Plata Clave de redención Tarjetas de regalo y convenios ¡Regístrate acá y aprovecha todos los beneficios que Cliente Plata tiene para ti! Estas viendo productos para barranquilla ¿Tu pedido es para entrega en barranquilla? Te mostraremos los productos mas adecuados para tu ciudad Mantener Cambiar Supermercado Desayuno Lácteos Queso Violife Mozzarella Flavour Vegano Block 200 G Queso Violife Mozzarella Flavour Vegano Block 200 G 200 Gramos ( Gramo a $ 101 , 55 ) $ 20 . 310 Cualquier medio Item ID : 2241401 Vendido Por: Olimpica Agregar list Empieza tu día con sabor y energía list Nature´S Heart Avena Nature's Heart Hojuelas sin Gluten 500 G 500 Gramos ( Gramo a $ 24 , 7 ) $ 12 . 350 $ 12 . 350 Cualquier medio Agregar list Alpina Bebida Alpina Avena Deslactosada 200 G X6 Unds 1200 Gramos ( Gramo a $ 11 , 46 ) $ 13 . 750 $ 13 . 750 Cualquier medio Agregar list Why Not MEZCLAS PANCAKES AVENA BROWNIE 300 GR 300 Gramos ( Gramo a $ 118 , 67 ) $ 35 . 600 $ 35 . 600 Cualquier medio Agregar list VIOLIFE Alimento Violife Slices 200 G 200 Gramos ( Gramo a $ 88 , 25 ) $ 17 . 650 $ 17 . 650 Cualquier medio Agregar list VIOLIFE Queso Violife Original Vegano 200 G X10 Tajadas 200 Gramos ( Gramo a $ 101 , 55 ) $ 20 . 310 $ 20 . 310 Cualquier medio Agregar list Sin Marca Yogurt Bodai Vegano Arándanos 500 G $ 28 . 750 $ 28 . 750 Cualquier medio Agregar Información general - Descripción del producto Mozzarella Flovour Violife Vegano Block x200 G Mostrar más Especificaciones + Especificaciones técnicas Propiedad Especificación Tipo de Lácteo No Aplica Complementa tu elección list Sin Marca Pan Mauka de Sagú Tajado sin Gluten 450 G $ 14 . 190 list El Dorado Pasta El Dorado Coditos Lenteja 250 G 250 Gramos ( Gramo a $ 55 , 8 ) $ 13 . 950 list Boggy Gelati",,101,,,,unknown,
Selecciona tu,"Selecciona tu Método de envío Encuentra todo lo que necesitas Iniciar sesión Categorías Supermercado Medicamentos y Dermo Electro y Tecnología Hogar Tienda Junior Recetas Solicita tu Tarjeta Puntos Plata Conocer mis beneficios Mis Puntos Plata Clave de redención Tarjetas de regalo y convenios ¡Regístrate acá y aprovecha todos los beneficios que Cliente Plata tiene para ti! Estas viendo productos para barranquilla ¿Tu pedido es para entrega en barranquilla? Te mostraremos los productos mas adecuados para tu ciudad Mantener Cambiar Supermercado Despensa Endulzantes Azúcar Riopaila Blanca 500 G Azúcar Riopaila Blanca 500 G 500 Gramos ( Gramo a $ 5 , 1 ) $ 2.550 Cualquier medio Item ID : 798301 Vendido Por: Olimpica Agregar list Información general - Descripción del producto Azúcar Riopaila Blanca 500 G Mostrar más Especificaciones + Especificaciones técnicas Propiedad Especificación Tipo de Endulzantes Azúcar Blanca Ver más Sustitutos del azúcar Azúcar Blanca Riopaila Azúcar blanco Azúcar Blanca Edulcorantes Azúcar Riopaila Blanca Azúcar Comentarios ☆ ☆ ☆ ☆ ☆ 0 (0 comentarios) Por favor, inicia sesión para escribir un comentario. Más reciente Ordenar por: Más reciente Más antiguo Calificación más alta Calificación más baja Todos Filtrar por: Todos 1 estrella 2 estrellas 3 estrellas 4 estrellas 5 estrellas No hay comentarios. Términos más buscados 1. celulares 2. neveras 3. iphone 4. lavadora 5. aire 6. televisores 7. estufa 8. colchon 9. cafe 10. nevera Evalúanos",,5,,,,unknown,
Selecciona tu,"Selecciona tu Método de envío Encuentra todo lo que necesitas Iniciar sesión Categorías Supermercado Medicamentos y Dermo Electro y Tecnología Hogar Tienda Junior Recetas Solicita tu Tarjeta Puntos Plata Conocer mis beneficios Mis Puntos Plata Clave de redención Tarjetas de regalo y convenios ¡Regístrate acá y aprovecha todos los beneficios que Cliente Plata tiene para ti! Estas viendo productos para barranquilla ¿Tu pedido es para entrega en barranquilla? Te mostraremos los productos mas adecuados para tu ciudad Mantener Cambiar Supermercado Despensa Endulzantes Azúcar Manuelita 1 Kg Azúcar Manuelita 1 Kg 1000 Gramos ( Gramo a $ 5 , 25 ) $ 5.250 Cualquier medio Item ID : 2000137 Vendido Por: Olimpica Agregar list Información general - Descripción del producto AZUCAR MANUELITA 1 Kg Mostrar más Especificaciones + Especificaciones técnicas Propiedad Especificación Tipo de Endulzantes Azúcar Blanca Ver más Azúcar Manuelita Sustitutos del azúcar Manuelita Azúcar Blanca Alta Pureza Azúcar Edulcorantes Comentarios ☆ ☆ ☆ ☆ ☆ 0 Calificación promedio (0 comentarios) Por favor, inicia sesión para escribir un comentario. Más reciente Ordenar por: Más reciente Más antiguo Calificación más alta Calificación más baja Todos Filtrar por: Todos 1 estrella 2 estrellas 3 estrellas 4 estrellas 5 estrellas No hay comentarios. Evalúanos Términos más buscados 1. celulares 2. neveras 3. iphone 4. lavadora 5. aire 6. televisores 7. estufa 8. colchon 9. cafe 10. nevera",,5,,,,unknown,
Selecciona tu,"Selecciona tu Método de envío Encuentra todo lo que necesitas Iniciar sesión Categorías Supermercado Medicamentos y Dermo Electro y Tecnología Hogar Tienda Junior Recetas Solicita tu Tarjeta Puntos Plata Conocer mis beneficios Mis Puntos Plata Clave de redención Tarjetas de regalo y convenios ¡Regístrate acá y aprovecha todos los beneficios que Cliente Plata tiene para ti! Estas viendo productos para barranquilla ¿Tu pedido es para entrega en barranquilla? Te mostraremos los productos mas adecuados para tu ciudad Mantener Cambiar Supermercado Despensa Endulzantes Azúcar Incauca Blanca 1 Kg Azúcar Incauca Blanca 1 Kg Cargando comentarios… Item ID : 26770 Vendido Por: Olimpica list Información general - Descripción del producto Azúcar Incauca Blanca 1 Kg Mostrar más Especificaciones + Especificaciones técnicas Propiedad Especificación Tipo de Endulzantes Azúcar Blanca Ver más Feria de cocina Ofertas tecnología descuentos Viajar Olímpica destinos baratos Comprar productos supermercado Comentarios Cargando el resumen… Por favor, inicia sesión para escribir un comentario. Más reciente Ordenar por: Más reciente Más antiguo Calificación más alta Calificación más baja Todos Filtrar por: Todos 1 estrella 2 estrellas 3 estrellas 4 estrellas 5 estrellas Cargando comentarios… Evalúanos",,,,,,unknown,
Selecciona tu,"Selecciona tu Método de envío Encuentra todo lo que necesitas Iniciar sesión Categorías Supermercado Medicamentos y Dermo Electro y Tecnología Hogar Tienda Junior Recetas Solicita tu Tarjeta Puntos Plata Conocer mis beneficios Mis Puntos Plata Clave de redención Tarjetas de regalo y convenios ¡Regístrate acá y aprovecha todos los beneficios que Cliente Plata tiene para ti! Estas viendo productos para barranquilla ¿Tu pedido es para entrega en barranquilla? Te mostraremos los productos mas adecuados para tu ciudad Mantener Cambiar Supermercado Despensa Endulzantes Azúcar Mayagüez Blanca 2,5 Kg 20 Azúcar Mayagüez Blanca 2,5 Kg 2500 Gramos ( Gramo a $ 3 , 95 ) $ 9.880 Cualquier medio Antes: $ 12 . 350 Item ID : 963228 Vendido Por: Olimpica Agregar list Sabores y nutrición para tu hogar list Acondesa HUEVO X 30 UNDS TIPO A $ 13 . 500 Vendido por: Olimpica $ 13 . 500 Cualquier medio Agregar list Olimpica Lenteja Olimpica 500 G 500 Gramos ( Gramo a $ 6 , 9 ) $ 3 . 450 $ 3.450 Cualquier medio Agregar 1 list Refisal Sal Refisal 1 Kg 1000 Gramos ( Gramo a $ 2 , 55 ) $ 2 . 550 $ 2.550 Cualquier medio Agregar 1 list Olimpica Azúcar Olimpica Blanca 2,5 Kg 2500 Gramos ( Gramo a $ 4 , 4 ) $ 10 . 990 $ 10 . 990 Cualquier medio Agregar 1 list Medalla De Oro Aceite Medalla de Oro Mezcla 3 Lt 3000 Mililitros ( Mililitro a $ 7 , 62 ) $ 22 . 850 $ 22 . 850 Cualquier medio Agregar 1 list Olimpica Frijol Olimpica Riego Zaragoza Rosado 500 G 500 Gramos ( Gramo a $ 8 , 98 ) $ 4 . 490 $ 4.490 Cualquier medio Agregar Información general - Descripción del producto Azúcar Mayagüez Blanca 2,5 Kg. Aquí puedes encontrar más productos marca Rebajon Mostrar más Especificaciones + Especificaciones técnicas Propiedad Especificación Tipo de Endulzantes Azúcar Blanca Ver más Azúcar Edulcorantes Sustitutos del azúcar Mayaguez Azúcar Blanco Especial Azúcar Blanca Azúcar blanco Comentarios ☆ ☆ ☆ ☆ ☆ 0 Calificación promedio (0 comentarios) Por favor, inicia sesión para escribir un comentario. Más reciente ",,3,,,,unknown,
Selecciona tu,"Selecciona tu Método de envío Encuentra todo lo que necesitas Iniciar sesión Categorías Supermercado Medicamentos y Dermo Electro y Tecnología Hogar Tienda Junior Recetas Solicita tu Tarjeta Puntos Plata Conocer mis beneficios Mis Puntos Plata Clave de redención Tarjetas de regalo y convenios ¡Regístrate acá y aprovecha todos los beneficios que Cliente Plata tiene para ti! Estas viendo productos para barranquilla ¿Tu pedido es para entrega en barranquilla? Te mostraremos los productos mas adecuados para tu ciudad Mantener Cambiar Supermercado Despensa Endulzantes Azúcar Olimpica Blanca 2,5 Kg 1 Azúcar Olimpica Blanca 2,5 Kg 2500 Gramos ( Gramo a $ 4 , 4 ) $ 10 . 990 Cualquier medio Item ID : 5213269 Vendido Por: Olimpica Agregar list Sabores y nutrición para tu hogar list Pan Harina Pan de Maíz Blanco 1 Kg 1000 Gramos ( Gramo a $ 3 , 32 ) $ 3 . 320 $ 3.320 Cualquier medio Agregar list Olimpica Lenteja Olimpica 500 G 500 Gramos ( Gramo a $ 6 , 9 ) $ 3 . 450 $ 3.450 Cualquier medio Agregar 1 list Refisal Sal Refisal 1 Kg 1000 Gramos ( Gramo a $ 2 , 55 ) $ 2 . 550 $ 2.550 Cualquier medio Agregar 1 list Medalla De Oro Aceite Medalla de Oro Mezcla 3 Lt 3000 Mililitros ( Mililitro a $ 7 , 62 ) $ 22 . 850 $ 22 . 850 Cualquier medio Agregar 1 list Medalla De Oro Aceite Medalla de Oro Mezcla Vegetal 3 Lt $ 22 . 950 $ 22 . 950 Cualquier medio Agregar 20 list Rebajon Azúcar Mayagüez Blanca 2,5 Kg 2500 Gramos ( Gramo a $ 3 , 95 ) $ 12 . 350 $ 9 . 880 Ahorra $ 2 . 470 Vendido por: Olimpica $ 9.880 Cualquier medio Antes: $ 12 . 350 Agregar Información general - Descripción del producto AZUCAR-BLANCA-OLIMPICA-2.5-KG Mostrar más Especificaciones + Especificaciones técnicas Propiedad Especificación Complementa tu elección 1 list Ultralimp LAVALOZA ULTRALIMP CREM 500G $ 2 . 550 $ 2.550 Cualquier medio Agregar list Olimpica Leche Olimpica Uht Entera 800 Ml X6 Unds $ 16 . 590 Vendido por: Olimpica $ 16 . 590 Cualquier medio Agregar 1 list Milo BEB ACHOC MILO ACTI-GO D/PACK 320G $ 14 . ",,4,,,,unknown,
Selecciona tu,"Selecciona tu Método de envío Encuentra todo lo que necesitas Iniciar sesión Categorías Supermercado Medicamentos y Dermo Electro y Tecnología Hogar Tienda Junior Recetas Solicita tu Tarjeta Puntos Plata Conocer mis beneficios Mis Puntos Plata Clave de redención Tarjetas de regalo y convenios ¡Regístrate acá y aprovecha todos los beneficios que Cliente Plata tiene para ti! Estas viendo productos para barranquilla ¿Tu pedido es para entrega en barranquilla? Te mostraremos los productos mas adecuados para tu ciudad Mantener Cambiar Supermercado Despensa Endulzantes Azúcar Providencia Blanca 2,5 Kg 20 Azúcar Providencia Blanca 2,5 Kg 2500 Gramos ( Gramo a $ 4 , 22 ) $ 10 . 560 Cualquier medio Antes: $ 13 . 200 Item ID : 73470 Vendido Por: Olimpica Agregar list Sabores y nutrición para tu hogar 1 list Olimpica Azúcar Olimpica Blanca 2,5 Kg 2500 Gramos ( Gramo a $ 4 , 4 ) $ 10 . 990 $ 10 . 990 Cualquier medio Agregar list Refisal Sal Refisal Salero 130 G $ 1 . 310 $ 1.310 Cualquier medio Agregar list Rebajon Azúcar Mayagüez Blanca 1 Kg 1000 Gramos ( Gramo a $ 4 , 79 ) $ 4 . 790 Vendido por: Olimpica $ 4.790 Cualquier medio Agregar 13 1 list Medalla De Oro Azúcar Medalla de Oro Blanca 2,5 kg $ 11 . 500 $ 9 . 990 Ahorra $ 1 . 510 $ 9.990 Cualquier medio Antes: $ 11 . 500 Agregar list Riopaila Azúcar Riopaila Blanca 2,5 Kg 2500 Gramos ( Gramo a $ 5 , 1 ) $ 12 . 750 Vendido por: Olimpica $ 12 . 750 Cualquier medio Agregar list Medalla De Oro Harina Medalla de Oro de Maíz Precocida Amarilla 1 Kg 1000 Gramos ( Gramo a $ 2 , 75 ) $ 2 . 750 $ 2.750 Cualquier medio Agregar Información general - Descripción del producto AZUCAR PROVIDEN BLANCA 2.5 KG Mostrar más Especificaciones + Especificaciones técnicas Propiedad Especificación Tipo de Endulzantes Azúcar Blanca Ver más AZUCAR Azúcar Providencia blanca x2.5kg Sustitutos del azúcar Azúcar Azúcar blanco Azúcar Blanca Edulcorantes Comentarios ☆ ☆ ☆ ☆ ☆ 0 Calificación promedio (0 comentarios) Por favor, inicia sesión para escribir un",,4,,,,unknown,
¿Cómo quieres recibir tu pedido?,"¿Cómo quieres recibir tu pedido? ¿Qué producto buscas? Lácteos, huevos y refrigerados Huevos Huevos de gallina Huevos AA KIKES rojo pet (30 und) Huevos AA KIKES rojo pet (30 und) KIKES -PLU: 1037843 Agregar a Lista de Mercado 2 Imagenes Especificaciones técnicas Tamaño del huevo AA Referencia SIN REF Descripción del producto Opiniones sobre este producto $ 24.500 Unidad a $ 816,67 Llévalo con 3.500 Puntos Colombia Agregar Comprar ahora Vendido por: carulla Aplica Compra y Recoge puntos Colombia Gana Comparte Más de 100 mil productos Compras seguras Acumulas Puntos Paga en línea o en efectivo Contáctanos Ventas Whatsapp: (+57) 305 261 44 67 Servicio al cliente whatsapp: (+57) 305 261 54 42 Línea de servicio al cliente nacional: 01 8000 428 800 Medellín: (4) 604 19 19 Resto de ciudades Suscríbete a nuestro newsletter Entérate de nuestras ofertas y lanzamientos exclusivos Suscríbete Acepto términos y condiciones , términos y condiciones marketplace y autorizo el tratamiento de mis datos personales con las siguientes condiciones. ¡Descarga gratis la app! app Síguenos en: Tus compras seguras con: Más información Centro de ayuda Chat Preguntas frecuentes Políticas de cambios y devoluciones Contacto Almacenes Escríbenos PQRS Información de interés Descuento Compra y Recoge Supercliente Compra y recoge Tarjeta Carulla Mastercard Domicilios Información legal Legales Reglamentos Términos y condiciones Términos y condiciones Marketplace Políticas de privacidad Súper Intendencia de Industria y Comercio - SIC Ley de retracto Visita también: 2022 Carulla ® marca registrada de Grupo Éxito S.A. NIT 890900608-9. Todos los derechos reservado Elige un sustituto Términos más buscados 1. whisky 2. cerveza 3. cafe 4. huevos 5. leche Búsqueda múltiple Mi Cuenta",,24500,,,,unknown,
(Und a $ 850),"(Und a $ 850) $ 25.500 Llévalo con 3.643 Puntos Colombia Vendido por: Carulla Imágenes de referencia. Sólo se vende el producto de la descripción. Ver detalles del producto Condiciones de entrega: Enviado por: Carulla Disponible para: Compra y recoge Agregar Información adicional Gana puntos Colombia Huevos AA SANTA REYES rojo (30 und) ( Und a $ 850 ) $ 25.500 Agregar Detalles del producto Clase Rojo Tamaño del huevo AA Referencia SIN REF Manejo de cookies Al continuar navegando por el sitio web, aceptas el uso de cookies propias y de terceros con el fin de identificar tus patrones de navegación, realizar personalizaciones de contenido y mostrarte publicidad de acuerdo a tus preferencias. Para conocer más, accede a nuestra política de cookies . Acepto",,850,,,,unknown,
0,"0 BUSCAR PRODUCTOS Ingresa 0 $0 M.N Estás en: La Comer Coyoacán La Comer Tecnológico Toluca La Comer Altaria Aguascalientes La Comer Bosque Esmeralda La Comer Bosque Real La Comer CDMX Sur La Comer Cabo San Lucas La Comer Cascada Los Cabos La Comer Coyoacán La Comer Del Valle La Comer Diana Cuernavaca La Comer El Refugio Qro La Comer Estadio Qro La Comer Iguala La Comer Insurgentes La Comer Irapuato La Comer Iztapalapa Las Torres La Comer Juriquilla La Comer Lago Alberto La Comer Las Animas La Comer Lomas Anáhuac La Comer Manzanillo La Comer Morelia La Comer Nuevo Vallarta La Comer Olivar La Comer Pozuelos Guanajuato La Comer Puebla La Comer Pueblo Nuevo Qro La Comer San Juan del Río La Comer San Miguel de Allende La Comer Santa María La Ribera La Comer Tlalpan La Comer Torres de Satélite La Comer Tultitlán La Comer Uruapan La Comer Vallarta Fluvial La Comer Valle Dorado La Comer Villa Coapa La Comer Zaragoza Qro La Comer Álamos Parque Qro La Comer Coyoacán Dirección MIGUEL ANGEL DE QUEVEDO 443, ROMERO DE TERREROS, 4310 COYOACAN, MEXICO, CIUDAD DE MÉXICO ¡Deseo comprar aquí! Toggle navigation Departamentos Departamentos Sitios de Información Monedero Naranja En tu casa Plus La Comer Card Recetas Spooky Season Departamentos Sitios de Información Recetas Spooky Season Estas en: La Comer Coyoacán Inicio Arroz Super Extra Grano Largo Arroz Super Extra Grano Largo Sos 900 grs REGRESAR $36.00 M.N. pieza Piezas Agregar PRESENTACIÓN/ENVASE: BOLSA Ingredientes Declaración Nutrimental ARROZ GRANO LARGO Tamaño de porción: 100.00 g Contenido energético 133.00 kcal Proteínas 3.00 g Grasas totales (Lípidos) 1.00 g Grasas saturadas 0.00 g Grasas trans 0.00 mg Hidratos de Carbono Disponibles 28.00 g Azúcares 0.00 g Azúcares Añadidos 0.00 g Fibra Dietética 0.00 g Sodio 1.00 mg x Promociones Cerrar Más información TAMBIÉN TE PUEDE INTERESAR Arroz super extra grano largo SOS 1 KG. x $34.19 M.N. x Piezas Piezas Agregar $34.19 M.N. Arroz super extra ITALRISO 900 GRS x $30.30 M.N. x Piez",,0,,,,unknown,
(Und a $ 858),"(Und a $ 858) $ 10.300 Llévalo con 1.471 Puntos Colombia Vendido por: Carulla ¡Últimas 10 unidades! Imágenes de referencia. Sólo se vende el producto de la descripción. Ver detalles del producto Condiciones de entrega: Enviado por: Carulla Disponible para: Compra y recoge Agregar Información adicional Gana puntos Colombia Huevos AA SANTA ANITA rojo (12 und) ( Und a $ 858 ) $ 10.300 Agregar Detalles del producto Clase Rojo Tamaño del huevo AAA Referencia SIN REFER Manejo de cookies Al continuar navegando por el sitio web, aceptas el uso de cookies propias y de terceros con el fin de identificar tus patrones de navegación, realizar personalizaciones de contenido y mostrarte publicidad de acuerdo a tus preferencias. Para conocer más, accede a nuestra política de cookies . Acepto",,858,,,,unknown,
Producto no disponible,"Producto no disponible Este producto no está disponible en este momento. Déjanos tu correo y te avisaremos cuando esté disponible Enviar Huevos AA HUEVOS ORO rosado (12 und) $ 0 Agregar Manejo de cookies Al continuar navegando por el sitio web, aceptas el uso de cookies propias y de terceros con el fin de identificar tus patrones de navegación, realizar personalizaciones de contenido y mostrarte publicidad de acuerdo a tus preferencias. Para conocer más, accede a nuestra política de cookies . Acepto",,0,,,,unknown,
Se interrumpió la conexión,Se interrumpió la conexión Se detectó un cambio de red. ERR_NETWORK_CHANGED Volver a cargar Se detectó un cambio de red.,,,,,,unknown,
Filtrado por,"Filtrado por Limpiar filtros GALLINA FELIZ Categoría Huevos Precio $7.900 $47.200 Marca GALLINA FELIZ Sub-Categoría Huevos de gallina Aplicar filtros 3 resultados Ordenar por: Relevancia Vista: Filtrar Huevos AA GALLINA FELIZ rojo (18 und) (Und a $ 1.272) $ 22.900 Vendido por: Carulla Agregar Huevos A GALLINA FELIZ rojo (42 und) (Und a $ 1.123) $ 47.200 Vendido por: Carulla Agregar nuevo-harry Huevos AA GALLINA FELIZ rojo (6 und) (Und a $ 1.316) $ 7.900 Vendido por: Carulla Agregar Manejo de cookies Al continuar navegando por el sitio web, aceptas el uso de cookies propias y de terceros con el fin de identificar tus patrones de navegación, realizar personalizaciones de contenido y mostrarte publicidad de acuerdo a tus preferencias. Para conocer más, accede a nuestra política de cookies . Acepto",,7900,,,,unknown,
(Gr a $ 4),"(Gr a $ 4) - 10 % $ 24.500 $ 21.900 Llévalo con 3.129 Puntos Colombia Vendido por: Carulla Imágenes de referencia. Sólo se vende el producto de la descripción. Ver detalles del producto Condiciones de entrega: Enviado por: Carulla Disponible para: Compra y recoge Agregar Información adicional Gana puntos Colombia Arroz DIANA blanco vitamor (5000 gr) ( Gr a $ 4 ) - 10 % $ 24.500 $ 21.900 Agregar Detalles del producto Tipo de Arroz Blanco Tamaño Mediano Referencia 814670 Manejo de cookies Al continuar navegando por el sitio web, aceptas el uso de cookies propias y de terceros con el fin de identificar tus patrones de navegación, realizar personalizaciones de contenido y mostrarte publicidad de acuerdo a tus preferencias. Para conocer más, accede a nuestra política de cookies . Acepto",,4,,,,unknown,
(Gr a $ 4),"(Gr a $ 4) $ 4.900 $ 4.800 Llévalo con 686 Puntos Colombia Vendido por: Carulla Imágenes de referencia. Sólo se vende el producto de la descripción. Ver detalles del producto Condiciones de entrega: Enviado por: Carulla Disponible para: Compra y recoge Agregar Información adicional Gana puntos Colombia Arroz ROA blanco fortiplus (1000 gr) ( Gr a $ 4 ) $ 4.900 $ 4.800 Agregar Detalles del producto Tipo de Arroz Blanco Tamaño PEQUENO Referencia 715788 Manejo de cookies Al continuar navegando por el sitio web, aceptas el uso de cookies propias y de terceros con el fin de identificar tus patrones de navegación, realizar personalizaciones de contenido y mostrarte publicidad de acuerdo a tus preferencias. Para conocer más, accede a nuestra política de cookies . Acepto",,4,,,,unknown,
(Gr a $ 4),"(Gr a $ 4) $ 2.500 $ 2.400 Llévalo con 343 Puntos Colombia Vendido por: Carulla Imágenes de referencia. Sólo se vende el producto de la descripción. Ver detalles del producto Condiciones de entrega: Enviado por: Carulla Disponible para: Compra y recoge Agregar Información adicional Gana puntos Colombia Arroz FLOR HUILA blanco (500 gr) ( Gr a $ 4 ) $ 2.500 $ 2.400 Agregar Detalles del producto Tipo de Arroz Blanco Referencia 663256 Manejo de cookies Al continuar navegando por el sitio web, aceptas el uso de cookies propias y de terceros con el fin de identificar tus patrones de navegación, realizar personalizaciones de contenido y mostrarte publicidad de acuerdo a tus preferencias. Para conocer más, accede a nuestra política de cookies . Acepto",,4,,,,unknown,
Se interrumpió la conexión,Se interrumpió la conexión Se detectó un cambio de red. ERR_NETWORK_CHANGED Volver a cargar Se detectó un cambio de red.,,,,,,unknown,
(Gr a $ 4),"(Gr a $ 4) $ 2.100 $ 2.000 Llévalo con 286 Puntos Colombia Vendido por: Carulla Imágenes de referencia. Sólo se vende el producto de la descripción. Ver detalles del producto Condiciones de entrega: Enviado por: Carulla Disponible para: Compra y recoge Agregar Información adicional Gana puntos Colombia Arroz GOLONDRINA blanco (450 gr) ( Gr a $ 4 ) $ 2.100 $ 2.000 Agregar Detalles del producto Referencia 3630104 Manejo de cookies Al continuar navegando por el sitio web, aceptas el uso de cookies propias y de terceros con el fin de identificar tus patrones de navegación, realizar personalizaciones de contenido y mostrarte publicidad de acuerdo a tus preferencias. Para conocer más, accede a nuestra política de cookies . Acepto",,4,,,,unknown,
(Gr a $ 3),"(Gr a $ 3) - 20 % $ 4.340 $ 3.472 Llévalo con 496 Puntos Colombia Vendido por: Carulla Imágenes de referencia. Sólo se vende el producto de la descripción. Ver detalles del producto Condiciones de entrega: Enviado por: Carulla Disponible para: Compra y recoge Agregar Información adicional Gana puntos Colombia Arroz CARULLA blanco (1000 gr) ( Gr a $ 3 ) - 20 % $ 4.340 $ 3.472 Agregar Detalles del producto Ingredientes Arroz Blanco en Grano Referencia 3181783 Manejo de cookies Al continuar navegando por el sitio web, aceptas el uso de cookies propias y de terceros con el fin de identificar tus patrones de navegación, realizar personalizaciones de contenido y mostrarte publicidad de acuerdo a tus preferencias. Para conocer más, accede a nuestra política de cookies . Acepto",,3,,,,unknown,
0,"0 BUSCAR PRODUCTOS Ingresa 0 $0 M.N Estás en: La Comer Coyoacán La Comer Tecnológico Toluca La Comer Altaria Aguascalientes La Comer Bosque Esmeralda La Comer Bosque Real La Comer CDMX Sur La Comer Cabo San Lucas La Comer Cascada Los Cabos La Comer Coyoacán La Comer Del Valle La Comer Diana Cuernavaca La Comer El Refugio Qro La Comer Estadio Qro La Comer Iguala La Comer Insurgentes La Comer Irapuato La Comer Iztapalapa Las Torres La Comer Juriquilla La Comer Lago Alberto La Comer Las Animas La Comer Lomas Anáhuac La Comer Manzanillo La Comer Morelia La Comer Nuevo Vallarta La Comer Olivar La Comer Pozuelos Guanajuato La Comer Puebla La Comer Pueblo Nuevo Qro La Comer San Juan del Río La Comer San Miguel de Allende La Comer Santa María La Ribera La Comer Tlalpan La Comer Torres de Satélite La Comer Tultitlán La Comer Uruapan La Comer Vallarta Fluvial La Comer Valle Dorado La Comer Villa Coapa La Comer Zaragoza Qro La Comer Álamos Parque Qro La Comer Coyoacán Dirección MIGUEL ANGEL DE QUEVEDO 443, ROMERO DE TERREROS, 4310 COYOACAN, MEXICO, CIUDAD DE MÉXICO ¡Deseo comprar aquí! Toggle navigation Departamentos Departamentos Sitios de Información Monedero Naranja En tu casa Plus La Comer Card Recetas Spooky Season Departamentos Sitios de Información Recetas Spooky Season Estas en: La Comer Coyoacán Inicio No se encuentra el producto en esta tienda REGRESAR Copyright © La Comer. Todos los derechos reservados. Bienvenidas las tarjetas: 24/04/2019 1.0 Al navegar en este sitio aceptas las cookies que utilizamos para mejorar tu experiencia. ACEPTO",,0,,,,unknown,
(Gr a $ 3),"(Gr a $ 3) - 37 % $ 6.200 $ 3.900 Llévalo con 557 Puntos Colombia Vendido por: Carulla Imágenes de referencia. Sólo se vende el producto de la descripción. Ver detalles del producto Condiciones de entrega: Enviado por: Carulla Disponible para: Compra y recoge Agregar Información adicional Gana puntos Colombia Arroz DONA PEPA parbolizado (1000 gr) ( Gr a $ 3 ) - 37 % $ 6.200 $ 3.900 Agregar Detalles del producto Tipo de Arroz Blanco Tamaño PEQUENO Referencia 551004 Ver todo Manejo de cookies Al continuar navegando por el sitio web, aceptas el uso de cookies propias y de terceros con el fin de identificar tus patrones de navegación, realizar personalizaciones de contenido y mostrarte publicidad de acuerdo a tus preferencias. Para conocer más, accede a nuestra política de cookies . Acepto",,3,,,,unknown,
Producto no disponible,"Producto no disponible Este producto no está disponible en este momento. Déjanos tu correo y te avisaremos cuando esté disponible Enviar Pan BIMBO 100 % integral (480 gr) $ 0 Agregar Manejo de cookies Al continuar navegando por el sitio web, aceptas el uso de cookies propias y de terceros con el fin de identificar tus patrones de navegación, realizar personalizaciones de contenido y mostrarte publicidad de acuerdo a tus preferencias. Para conocer más, accede a nuestra política de cookies . Acepto",,0,,,,unknown,
Producto no disponible,"Producto no disponible Este producto no está disponible en este momento. Déjanos tu correo y te avisaremos cuando esté disponible Enviar Pan COMAPAN (400 gr) $ 0 Agregar Manejo de cookies Al continuar navegando por el sitio web, aceptas el uso de cookies propias y de terceros con el fin de identificar tus patrones de navegación, realizar personalizaciones de contenido y mostrarte publicidad de acuerdo a tus preferencias. Para conocer más, accede a nuestra política de cookies . Acepto",,0,,,,unknown,
(Gr a $ 23),"(Gr a $ 23) $ 11.600 Llévalo con 1.657 Puntos Colombia Vendido por: Carulla Imágenes de referencia. Sólo se vende el producto de la descripción. Ver detalles del producto Condiciones de entrega: Enviado por: Carulla Disponible para: Compra y recoge Agregar Información adicional Gana puntos Colombia Pan Tajado Bimbo VITAL 100% Natural Semillas (500 gr) ( Gr a $ 23 ) $ 11.600 Agregar Detalles del producto Bueno Para Ti Si Referencia 23900 Manejo de cookies Al continuar navegando por el sitio web, aceptas el uso de cookies propias y de terceros con el fin de identificar tus patrones de navegación, realizar personalizaciones de contenido y mostrarte publicidad de acuerdo a tus preferencias. Para conocer más, accede a nuestra política de cookies . Acepto",,23,,,,unknown,
(Gr a $ 34),"(Gr a $ 34) $ 15.700 Llévalo con 2.243 Puntos Colombia Vendido por: Carulla Imágenes de referencia. Sólo se vende el producto de la descripción. Ver detalles del producto Condiciones de entrega: Enviado por: Carulla Disponible para: Compra y recoge Agregar Información adicional Gana puntos Colombia Pan de sagu sin gluten MAUKA SNACKS 450 gr ( Gr a $ 34 ) $ 15.700 Agregar Detalles del producto Referencia SIN REF Manejo de cookies Al continuar navegando por el sitio web, aceptas el uso de cookies propias y de terceros con el fin de identificar tus patrones de navegación, realizar personalizaciones de contenido y mostrarte publicidad de acuerdo a tus preferencias. Para conocer más, accede a nuestra política de cookies . Acepto",,34,,,,unknown,
(Gr a $ 21),"(Gr a $ 21) - 20 % $ 19.000 $ 15.200 Llévalo con 2.171 Puntos Colombia Vendido por: Carulla ¡Últimas 10 unidades! Imágenes de referencia. Sólo se vende el producto de la descripción. Ver detalles del producto Condiciones de entrega: Enviado por: Carulla Disponible para: Compra y recoge Agregar Información adicional Gana puntos Colombia PAN PAN FACTORY (700 gr) ( Gr a $ 21 ) - 20 % $ 19.000 $ 15.200 Agregar Detalles del producto Tamaño FAMILIAR Conservacion Ambiente País de Origen Colombia Instrucciones De Uso Listo para consumir Referencia ---------- Manejo de cookies Al continuar navegando por el sitio web, aceptas el uso de cookies propias y de terceros con el fin de identificar tus patrones de navegación, realizar personalizaciones de contenido y mostrarte publicidad de acuerdo a tus preferencias. Para conocer más, accede a nuestra política de cookies . Acepto",,21,,,,unknown,
(Gr a $ 11),"(Gr a $ 11) $ 6.700 Llévalo con 957 Puntos Colombia Vendido por: Carulla ¡Últimas 1 unidades! Imágenes de referencia. Sólo se vende el producto de la descripción. Ver detalles del producto Condiciones de entrega: Enviado por: Carulla Disponible para: Compra y recoge Agregar Información adicional Gana puntos Colombia Pan tajado CARULLA blanco (600 gr) ( Gr a $ 11 ) $ 6.700 Agregar Detalles del producto Ingredientes Harina de trigo fortificada, antioxidante, agua, azucar, levadura, aceite vegetal y conservantes Referencia 3317922 Manejo de cookies Al continuar navegando por el sitio web, aceptas el uso de cookies propias y de terceros con el fin de identificar tus patrones de navegación, realizar personalizaciones de contenido y mostrarte publicidad de acuerdo a tus preferencias. Para conocer más, accede a nuestra política de cookies . Acepto",,11,,,,unknown,
(Gr a $ 12),"(Gr a $ 12) $ 7.150 Llévalo con 1.021 Puntos Colombia Vendido por: Carulla Imágenes de referencia. Sólo se vende el producto de la descripción. Ver detalles del producto Condiciones de entrega: Enviado por: Carulla Disponible para: Compra y recoge Agregar Información adicional Gana puntos Colombia Pan Tajado GUADALUPE Integral Extralargo (570 gr) ( Gr a $ 12 ) $ 7.150 Agregar Detalles del producto Referencia 20929 Manejo de cookies Al continuar navegando por el sitio web, aceptas el uso de cookies propias y de terceros con el fin de identificar tus patrones de navegación, realizar personalizaciones de contenido y mostrarte publicidad de acuerdo a tus preferencias. Para conocer más, accede a nuestra política de cookies . Acepto",,12,,,,unknown,
(Ml a $ 6),"(Ml a $ 6) $ 40.800 Llévalo con 5.829 Puntos Colombia Vendido por: Carulla Imágenes de referencia. Sólo se vende el producto de la descripción. Ver detalles del producto Condiciones de entrega: Enviado por: Carulla Disponible para: Compra y recoge Agregar Información adicional Gana puntos Colombia Leche entera ALPINA bolsa x6und 1100ml (6600 ml) ( Ml a $ 6 ) $ 40.800 Agregar Detalles del producto Referencia 502203 Manejo de cookies Al continuar navegando por el sitio web, aceptas el uso de cookies propias y de terceros con el fin de identificar tus patrones de navegación, realizar personalizaciones de contenido y mostrarte publicidad de acuerdo a tus preferencias. Para conocer más, accede a nuestra política de cookies . Acepto",,6,,,,unknown,
(Ml a $ 5),"(Ml a $ 5) $ 4.900 Llévalo con 700 Puntos Colombia Vendido por: Carulla Imágenes de referencia. Sólo se vende el producto de la descripción. Ver detalles del producto Condiciones de entrega: Enviado por: Carulla Disponible para: Compra y recoge Agregar Información adicional Gana puntos Colombia Leche COLANTA entera bolsa (900 ml) ( Ml a $ 5 ) $ 4.900 Agregar Detalles del producto Referencia 65349 Manejo de cookies Al continuar navegando por el sitio web, aceptas el uso de cookies propias y de terceros con el fin de identificar tus patrones de navegación, realizar personalizaciones de contenido y mostrarte publicidad de acuerdo a tus preferencias. Para conocer más, accede a nuestra política de cookies . Acepto",,5,,,,unknown,
0,"0 BUSCAR PRODUCTOS Ingresa 0 $0 M.N Estás en: La Comer Coyoacán La Comer Tecnológico Toluca La Comer Altaria Aguascalientes La Comer Bosque Esmeralda La Comer Bosque Real La Comer CDMX Sur La Comer Cabo San Lucas La Comer Cascada Los Cabos La Comer Coyoacán La Comer Del Valle La Comer Diana Cuernavaca La Comer El Refugio Qro La Comer Estadio Qro La Comer Iguala La Comer Insurgentes La Comer Irapuato La Comer Iztapalapa Las Torres La Comer Juriquilla La Comer Lago Alberto La Comer Las Animas La Comer Lomas Anáhuac La Comer Manzanillo La Comer Morelia La Comer Nuevo Vallarta La Comer Olivar La Comer Pozuelos Guanajuato La Comer Puebla La Comer Pueblo Nuevo Qro La Comer San Juan del Río La Comer San Miguel de Allende La Comer Santa María La Ribera La Comer Tlalpan La Comer Torres de Satélite La Comer Tultitlán La Comer Uruapan La Comer Vallarta Fluvial La Comer Valle Dorado La Comer Villa Coapa La Comer Zaragoza Qro La Comer Álamos Parque Qro La Comer Coyoacán Dirección MIGUEL ANGEL DE QUEVEDO 443, ROMERO DE TERREROS, 4310 COYOACAN, MEXICO, CIUDAD DE MÉXICO ¡Deseo comprar aquí! Toggle navigation Departamentos Departamentos Sitios de Información Monedero Naranja En tu casa Plus La Comer Card Recetas Spooky Season Departamentos Sitios de Información Recetas Spooky Season Estas en: La Comer Coyoacán Inicio Arroz Extra Arroz Extra Schettino 900 grs REGRESAR $21.90 M.N. pieza Piezas Agregar PRESENTACIÓN/ENVASE: BOLSA x Promociones Cerrar Más información TAMBIÉN TE PUEDE INTERESAR Arroz super extra SCHETTINO 900 GRS x $21.90 M.N. x Piezas Piezas Agregar $21.90 M.N. Arroz super extra VERDE VALLE 900 GRS x $40.00 M.N. $36.50 M.N. x Piezas Piezas Agregar $40.00 M.N. $40.00 M.N. EN OCTUBRE TE BONIFICAMOS EN TODAS TUS COMPRAS EN LAS MARCAS GOLDEN HILLS Y PETS CLUB VIGENCIA DE 01/10/2025 A 31/10/2025 Arroz grano largo super extra GOLDEN HILLS 900 GRS x $29.50 M.N. x Piezas Piezas Agregar $29.50 M.N. Arroz super extra KE PRECIO 900 GRS x $16.90 M.N. x Piezas Piezas Agregar $16.90 M",,0,,,,unknown,
Producto no disponible,"Producto no disponible Este producto no está disponible en este momento. Déjanos tu correo y te avisaremos cuando esté disponible Enviar Leche CARULLA entera UHT x6und (6600 ml) $ 0 Agregar Manejo de cookies Al continuar navegando por el sitio web, aceptas el uso de cookies propias y de terceros con el fin de identificar tus patrones de navegación, realizar personalizaciones de contenido y mostrarte publicidad de acuerdo a tus preferencias. Para conocer más, accede a nuestra política de cookies . Acepto",,0,,,,unknown,
(Ml a $ 3),"(Ml a $ 3) $ 3.330 $ 3.290 Llévalo con 470 Puntos Colombia Vendido por: Carulla Imágenes de referencia. Sólo se vende el producto de la descripción. Ver detalles del producto Condiciones de entrega: Enviado por: Carulla Disponible para: Compra y recoge Agregar Información adicional Gana puntos Colombia Leche EXITO MARCA PROPIA en caja entera (900 ml) ( Ml a $ 3 ) $ 3.330 $ 3.290 Agregar Detalles del producto Referencia 3618631 Manejo de cookies Al continuar navegando por el sitio web, aceptas el uso de cookies propias y de terceros con el fin de identificar tus patrones de navegación, realizar personalizaciones de contenido y mostrarte publicidad de acuerdo a tus preferencias. Para conocer más, accede a nuestra política de cookies . Acepto",,3,,,,unknown,
(Und a $ 840),"(Und a $ 840) $ 860 $ 840 Llévalo con 120 Puntos Colombia Vendido por: Carulla Imágenes de referencia. Sólo se vende el producto de la descripción. Ver detalles del producto Condiciones de entrega: Enviado por: Carulla Disponible para: Compra y recoge Agregar Información adicional Gana puntos Colombia Tomate Chonto 1 und ( Und a $ 840 ) $ 860 $ 840 Agregar Detalles del producto Tipo de Producto Verduras Referencia SIN REFER Manejo de cookies Al continuar navegando por el sitio web, aceptas el uso de cookies propias y de terceros con el fin de identificar tus patrones de navegación, realizar personalizaciones de contenido y mostrarte publicidad de acuerdo a tus preferencias. Para conocer más, accede a nuestra política de cookies . Acepto",,840,,,,unknown,
(Gr a $ 2),"(Gr a $ 2) - 36 % $ 4.680 $ 2.980 Llévalo con 426 Puntos Colombia Vendido por: Carulla Imágenes de referencia. Sólo se vende el producto de la descripción. Ver detalles del producto Condiciones de entrega: Enviado por: Carulla Disponible para: Compra y recoge Agregar Información adicional Gana puntos Colombia Tomate Chonto Insuperable FRESCAMPO 1000 gr ( Gr a $ 2 ) - 36 % $ 4.680 $ 2.980 Agregar Detalles del producto Tipo de Verdura Tomates De Aliño Y Ensalada Tipo de Producto Verduras Clase Verduras En Fruto Referencia SIN REFER Manejo de cookies Al continuar navegando por el sitio web, aceptas el uso de cookies propias y de terceros con el fin de identificar tus patrones de navegación, realizar personalizaciones de contenido y mostrarte publicidad de acuerdo a tus preferencias. Para conocer más, accede a nuestra política de cookies . Acepto",,2,,,,unknown,
(Und a $ 544),"(Und a $ 544) - 20 % $ 680 $ 544 Llévalo con 78 Puntos Colombia Vendido por: Carulla Imágenes de referencia. Sólo se vende el producto de la descripción. Ver detalles del producto Condiciones de entrega: Enviado por: Carulla Disponible para: Compra y recoge Agregar Información adicional Gana puntos Colombia Banano 1 und ( Und a $ 544 ) - 20 % $ 680 $ 544 Agregar Detalles del producto Tipo de fruta Bananos Tipo de Producto Fruta nacional Clase Frutas Tropicales Referencia SIN REFER Manejo de cookies Al continuar navegando por el sitio web, aceptas el uso de cookies propias y de terceros con el fin de identificar tus patrones de navegación, realizar personalizaciones de contenido y mostrarte publicidad de acuerdo a tus preferencias. Para conocer más, accede a nuestra política de cookies . Acepto",,544,,,,unknown,
(Und a $ 1.312),"(Und a $ 1.312) - 20 % $ 1.640 $ 1.312 Llévalo con 187 Puntos Colombia Vendido por: Carulla Imágenes de referencia. Sólo se vende el producto de la descripción. Ver detalles del producto Condiciones de entrega: Enviado por: Carulla Disponible para: Compra y recoge Agregar Información adicional Gana puntos Colombia Cebolla Blanca 1 und ( Und a $ 1.312 ) - 20 % $ 1.640 $ 1.312 Agregar Detalles del producto Tipo de Producto Verduras Referencia SIN REFER Manejo de cookies Al continuar navegando por el sitio web, aceptas el uso de cookies propias y de terceros con el fin de identificar tus patrones de navegación, realizar personalizaciones de contenido y mostrarte publicidad de acuerdo a tus preferencias. Para conocer más, accede a nuestra política de cookies . Acepto",,1312,,,,unknown,
Producto no disponible,"Producto no disponible Este producto no está disponible en este momento. Déjanos tu correo y te avisaremos cuando esté disponible Enviar CEBOLLA BLANCA ORGAN TAEQ 500 gr $ 0 Agregar Manejo de cookies Al continuar navegando por el sitio web, aceptas el uso de cookies propias y de terceros con el fin de identificar tus patrones de navegación, realizar personalizaciones de contenido y mostrarte publicidad de acuerdo a tus preferencias. Para conocer más, accede a nuestra política de cookies . Acepto",,0,,,,unknown,
(Gr a $ 4),"(Gr a $ 4) - 12 % $ 5.460 $ 4.760 Llévalo con 680 Puntos Colombia Vendido por: Carulla Imágenes de referencia. Sólo se vende el producto de la descripción. Ver detalles del producto Condiciones de entrega: Enviado por: Carulla Disponible para: Compra y recoge Agregar Información adicional Gana puntos Colombia Papa Pastusa Granel ( Gr a $ 4 ) - 12 % $ 5.460 $ 4.760 Agregar Detalles del producto Tipo de Verdura Papa Parda Pastusa Tipo de Producto Verduras Clase Tuberculos Y Raices Referencia SIN REFER Manejo de cookies Al continuar navegando por el sitio web, aceptas el uso de cookies propias y de terceros con el fin de identificar tus patrones de navegación, realizar personalizaciones de contenido y mostrarte publicidad de acuerdo a tus preferencias. Para conocer más, accede a nuestra política de cookies . Acepto",,4,,,,unknown,
(Gr a $ 19),"(Gr a $ 19) $ 39.000 Llévalo con 5.571 Puntos Colombia Vendido por: Carulla ¡Últimas 10 unidades! Imágenes de referencia. Sólo se vende el producto de la descripción. Ver detalles del producto Condiciones de entrega: Enviado por: Carulla Disponible para: Compra y recoge Agregar Información adicional Gana puntos Colombia Papa Rapi Trad Megapack MC CAIN 2000 gr ( Gr a $ 19 ) $ 39.000 Agregar Detalles del producto Referencia 3051604 Manejo de cookies Al continuar navegando por el sitio web, aceptas el uso de cookies propias y de terceros con el fin de identificar tus patrones de navegación, realizar personalizaciones de contenido y mostrarte publicidad de acuerdo a tus preferencias. Para conocer más, accede a nuestra política de cookies . Acepto",,19,,,,unknown,
(Gr a $ 90),"(Gr a $ 90) $ 21.600 Llévalo con 3.086 Puntos Colombia Vendido por: Carulla ¡Últimas 1 unidades! Imágenes de referencia. Sólo se vende el producto de la descripción. Ver detalles del producto Condiciones de entrega: Enviado por: Carulla Disponible para: Compra y recoge Agregar Información adicional Gana puntos Colombia Queso PASCO mozzarella light (240 gr) ( Gr a $ 90 ) $ 21.600 Agregar Detalles del producto Referencia 1369136 Manejo de cookies Al continuar navegando por el sitio web, aceptas el uso de cookies propias y de terceros con el fin de identificar tus patrones de navegación, realizar personalizaciones de contenido y mostrarte publicidad de acuerdo a tus preferencias. Para conocer más, accede a nuestra política de cookies . Acepto",,90,,,,unknown,
0,"0 BUSCAR PRODUCTOS Ingresa 0 $0 M.N Estás en: La Comer Coyoacán La Comer Tecnológico Toluca La Comer Altaria Aguascalientes La Comer Bosque Esmeralda La Comer Bosque Real La Comer CDMX Sur La Comer Cabo San Lucas La Comer Cascada Los Cabos La Comer Coyoacán La Comer Del Valle La Comer Diana Cuernavaca La Comer El Refugio Qro La Comer Estadio Qro La Comer Iguala La Comer Insurgentes La Comer Irapuato La Comer Iztapalapa Las Torres La Comer Juriquilla La Comer Lago Alberto La Comer Las Animas La Comer Lomas Anáhuac La Comer Manzanillo La Comer Morelia La Comer Nuevo Vallarta La Comer Olivar La Comer Pozuelos Guanajuato La Comer Puebla La Comer Pueblo Nuevo Qro La Comer San Juan del Río La Comer San Miguel de Allende La Comer Santa María La Ribera La Comer Tlalpan La Comer Torres de Satélite La Comer Tultitlán La Comer Uruapan La Comer Vallarta Fluvial La Comer Valle Dorado La Comer Villa Coapa La Comer Zaragoza Qro La Comer Álamos Parque Qro La Comer Coyoacán Dirección MIGUEL ANGEL DE QUEVEDO 443, ROMERO DE TERREROS, 4310 COYOACAN, MEXICO, CIUDAD DE MÉXICO ¡Deseo comprar aquí! Toggle navigation Departamentos Departamentos Sitios de Información Monedero Naranja En tu casa Plus La Comer Card Recetas Spooky Season Departamentos Sitios de Información Recetas Spooky Season Estas en: La Comer Coyoacán Inicio Aceite Vegetal Aceite Vegetal 1.2.3. 1 lt REGRESAR $45.00 M.N. pieza Piezas Agregar PRESENTACIÓN/ENVASE: BOTELLA x Promociones Cerrar Más información TAMBIÉN TE PUEDE INTERESAR Aceite vegetal 1.2.3. 500 ML. x $29.50 M.N. x Piezas Piezas Agregar $29.50 M.N. Aceite vegetal CRISTAL 1 LT. x $47.50 M.N. x Piezas Piezas Agregar $47.50 M.N. Aceite vegetal AVE 850 ML. x $36.90 M.N. $33.90 M.N. x Piezas Piezas Agregar $36.90 M.N. $36.90 M.N. Aceite de soya NUTRIOLI 850 ML. x $48.00 M.N. $44.50 M.N. x Piezas Piezas Agregar $48.00 M.N. $48.00 M.N. Aceite de canola CAPULLO 840 ML. x $52.00 M.N. x Piezas Piezas Agregar $48.70 M.N. EN OCTUBRE TE BONIFICAMOS EN TODAS TUS COMPRAS EN LA",,0,,,,unknown,
(Gr a $ 46),"(Gr a $ 46) $ 7.635 $ 7.035 Llévalo con 6.700 Puntos Colombia Vendido por: Carulla Imágenes de referencia. Sólo se vende el producto de la descripción. Ver detalles del producto Condiciones de entrega: Enviado por: Carulla Disponible para: Compra y recoge Agregar Información adicional Gana puntos Colombia Queso mozzarella COLANTA porcionado en tienda ( Gr a $ 46 ) $ 7.635 $ 7.035 Agregar Detalles del producto Conservacion Refrigeración Úsalo para Es versátil y de amplio uso en pizzas, pastas, comidas rápidas y otras preparaciones. País de Origen Colombia Instrucciones De Uso Producto listo para su consumo Referencia 651179 Ver todo Manejo de cookies Al continuar navegando por el sitio web, aceptas el uso de cookies propias y de terceros con el fin de identificar tus patrones de navegación, realizar personalizaciones de contenido y mostrarte publicidad de acuerdo a tus preferencias. Para conocer más, accede a nuestra política de cookies . Acepto",,46,,,,unknown,
(Gr a $ 47),"(Gr a $ 47) - 20 % $ 23.700 $ 18.960 Llévalo con 2.709 Puntos Colombia Vendido por: Carulla Imágenes de referencia. Sólo se vende el producto de la descripción. Ver detalles del producto Condiciones de entrega: Enviado por: Carulla Disponible para: Compra y recoge Agregar Información adicional Gana puntos Colombia Queso Mozarella ALPINA 25 tajadas (400 gr) ( Gr a $ 47 ) - 20 % $ 23.700 $ 18.960 Agregar Detalles del producto Referencia 350092 Manejo de cookies Al continuar navegando por el sitio web, aceptas el uso de cookies propias y de terceros con el fin de identificar tus patrones de navegación, realizar personalizaciones de contenido y mostrarte publicidad de acuerdo a tus preferencias. Para conocer más, accede a nuestra política de cookies . Acepto",,47,,,,unknown,
Producto no disponible,"Producto no disponible Este producto no está disponible en este momento. Déjanos tu correo y te avisaremos cuando esté disponible Enviar Queso SUPERIOR tajado (400 gr) $ 0 Agregar Manejo de cookies Al continuar navegando por el sitio web, aceptas el uso de cookies propias y de terceros con el fin de identificar tus patrones de navegación, realizar personalizaciones de contenido y mostrarte publicidad de acuerdo a tus preferencias. Para conocer más, accede a nuestra política de cookies . Acepto",,0,,,,unknown,
(Gr a $ 55),"(Gr a $ 55) $ 11.100 Llévalo con 1.586 Puntos Colombia Vendido por: Carulla ¡Últimas 10 unidades! Imágenes de referencia. Sólo se vende el producto de la descripción. Ver detalles del producto Condiciones de entrega: Enviado por: Carulla Disponible para: Compra y recoge Agregar Información adicional Gana puntos Colombia Queso CAMPO REAL semigraso 7 cueros (200 gr) ( Gr a $ 55 ) $ 11.100 Agregar Detalles del producto Referencia 1622770 Ver todo Manejo de cookies Al continuar navegando por el sitio web, aceptas el uso de cookies propias y de terceros con el fin de identificar tus patrones de navegación, realizar personalizaciones de contenido y mostrarte publicidad de acuerdo a tus preferencias. Para conocer más, accede a nuestra política de cookies . Acepto",,55,,,,unknown,
(Gr a $ 68),"(Gr a $ 68) $ 14.400 Llévalo con 2.057 Puntos Colombia Vendido por: Carulla Imágenes de referencia. Sólo se vende el producto de la descripción. Ver detalles del producto Condiciones de entrega: Enviado por: Carulla Disponible para: Compra y recoge Agregar Información adicional Gana puntos Colombia Queso DEL VECCHIO butirro x3und (210 gr) ( Gr a $ 68 ) $ 14.400 Agregar Detalles del producto Referencia 942593 Manejo de cookies Al continuar navegando por el sitio web, aceptas el uso de cookies propias y de terceros con el fin de identificar tus patrones de navegación, realizar personalizaciones de contenido y mostrarte publicidad de acuerdo a tus preferencias. Para conocer más, accede a nuestra política de cookies . Acepto",,68,,,,unknown,
(Gr a $ 3),"(Gr a $ 3) - 30 % $ 10.400 $ 7.280 Llévalo con 1.040 Puntos Colombia Vendido por: Carulla Imágenes de referencia. Sólo se vende el producto de la descripción. Ver detalles del producto Condiciones de entrega: Enviado por: Carulla Disponible para: Compra y recoge Agregar Información adicional Gana puntos Colombia Azúcar MANUELITA alta pureza (2000 gr) ( Gr a $ 3 ) - 30 % $ 10.400 $ 7.280 Agregar Detalles del producto Tipo de Azúcar Azucar Blanca Referencia 441016 Manejo de cookies Al continuar navegando por el sitio web, aceptas el uso de cookies propias y de terceros con el fin de identificar tus patrones de navegación, realizar personalizaciones de contenido y mostrarte publicidad de acuerdo a tus preferencias. Para conocer más, accede a nuestra política de cookies . Acepto",,3,,,,unknown,
Se interrumpió la conexión,Se interrumpió la conexión Se detectó un cambio de red. ERR_NETWORK_CHANGED Volver a cargar Se detectó un cambio de red.,,,,,,unknown,
Producto no disponible,"Producto no disponible Este producto no está disponible en este momento. Déjanos tu correo y te avisaremos cuando esté disponible Enviar Azúcar INCAUCA caña orgánica (850 gr) $ 0 Agregar Manejo de cookies Al continuar navegando por el sitio web, aceptas el uso de cookies propias y de terceros con el fin de identificar tus patrones de navegación, realizar personalizaciones de contenido y mostrarte publicidad de acuerdo a tus preferencias. Para conocer más, accede a nuestra política de cookies . Acepto",,0,,,,unknown,
Lo sentimos,"Lo sentimos Este producto no se encuentra disponible en el momento, explora otros productos. Ir a tienda Tratamiento de Datos Garantías Términos y condiciones Superintendencia de Industria y Comercio – SIC 0.17.168-hotfix-2.",,017,,,,unknown,
SOL NACIENTE,"SOL NACIENTE HUEVO TIPO AA SOL NACIENTE 12 UND Unidades disponibles 255 Quincena D1 12 un (un a $ 582,5) Descripción Ingredientes | Componentes Nombre del Producto: Huevos de Gallina Sol Naciente AA x 12 Descripción del producto: Estos huevos de gallina son ideales para el consumo directo como alimento cocido o como ingrediente en la preparación de alimentos. Con un contenido neto de 12 unidades, los huevos Sol Naciente ofrecen calidad y frescura en cada comida. Son perfectos para diversas preparaciones culinarias, desde desayunos hasta recetas más elaboradas. Características: Tamaño: 30 cm x 12 cm Cantidad: 12 Und Modo Fabricación: Industrial Conservación: Conservar en un lugar limpio, seco, fresco y protegido de la luz directa del sol. Consúmase en el menor tiempo posible. Origen: Nacional Alergenos: El huevo es un alérgeno natural. Componentes: Huevo ¡Queremos que tengas la mejor experiencia!. Si tienes dudas sobre este producto o su contenido, te invitamos a consultar nuestros Términos y condiciones para conocer más sobre devoluciones y nuestras políticas de reembolsos. Ver más También puede interesarte Bajó de precio $ 2.850 PAPEL HIGIÉNICO 3 H 2 UN RENDY 33 MTS 66 m (m a $ 43,18) Agregar D1 Top 100 $ 450 BANANO UNIDAD 1 un (un a $ 450) Agregar $ 3.990 TOMATE CHONTO X 1000 G 1000 g (g a $ 3,99) Agregar $ 3.990 ARROZ PREMIUM ALBAR 1000 GRS 1000 g (g a $ 3,99) Agregar $ 3.100 PLÁTANO X 1000G 1000 g (g a $ 3,1) Agregar $ 16.800 FILETES DE PECHUGA BRASSET X 600 G 600 g (g a $ 28) Agregar $ 4.400 LIMON TAHITI X 1000 GR 1000 g (g a $ 4,4) Agregar Quincena D1 $ 1.100 LECHUGA VERDE CRESPA X 180 G 180 g (g a $ 6,11) Agregar Productos relacionados D1 Top 100 $ 11.490 HUEVO TIPO A SOL NACIENTE 30 UND 30 un (un a $ 383) Agregar D1 Top 100 $ 13.990 HUEVO TIPO AA SOL NACIENTE 30 UND 30 un (un a $ 466,33) Agregar D1 Top 100 $ 3.350 LECHE ENTERA TETRAPAK UHT LATTI 900 ML 900 ml (ml a $ 3,72) Agregar Amor y amistad $ 12.900 SALCHICHA RANCHERA X 230 G X 7 UD 230 g (g a $ 56,09) ",,582.5,,,,unknown,
0,"0 BUSCAR PRODUCTOS Ingresa 0 $0 M.N Estás en: La Comer Coyoacán La Comer Tecnológico Toluca La Comer Altaria Aguascalientes La Comer Bosque Esmeralda La Comer Bosque Real La Comer CDMX Sur La Comer Cabo San Lucas La Comer Cascada Los Cabos La Comer Coyoacán La Comer Del Valle La Comer Diana Cuernavaca La Comer El Refugio Qro La Comer Estadio Qro La Comer Iguala La Comer Insurgentes La Comer Irapuato La Comer Iztapalapa Las Torres La Comer Juriquilla La Comer Lago Alberto La Comer Las Animas La Comer Lomas Anáhuac La Comer Manzanillo La Comer Morelia La Comer Nuevo Vallarta La Comer Olivar La Comer Pozuelos Guanajuato La Comer Puebla La Comer Pueblo Nuevo Qro La Comer San Juan del Río La Comer San Miguel de Allende La Comer Santa María La Ribera La Comer Tlalpan La Comer Torres de Satélite La Comer Tultitlán La Comer Uruapan La Comer Vallarta Fluvial La Comer Valle Dorado La Comer Villa Coapa La Comer Zaragoza Qro La Comer Álamos Parque Qro Dirección , , , , ¡Deseo comprar aquí! Toggle navigation Departamentos Departamentos Sitios de Información En tu casa Plus La Comer Card Recetas Spooky Season Departamentos Sitios de Información Recetas Spooky Season Estas en: La Comer Coyoacán Inicio Aceite Vegetal Aceite Vegetal Ke Precio 850 ml REGRESAR $28.70 M.N. pieza Piezas Agregar PRESENTACIÓN/ENVASE: BOTELLA x Promociones Cerrar Más información TAMBIÉN TE PUEDE INTERESAR EN OCTUBRE TE BONIFICAMOS EN TODAS TUS COMPRAS EN LAS MARCAS GOLDEN HILLS Y PETS CLUB VIGENCIA DE 01/10/2025 A 31/10/2025 Aceite vegetal GOLDEN HILLS 800 ML. x $39.90 M.N. $32.90 M.N. x Piezas Piezas Agregar $39.90 M.N. $39.90 M.N. Aceite vegetal AVE 850 ML. x $36.90 M.N. $33.90 M.N. x Piezas Piezas Agregar $36.90 M.N. $36.90 M.N. Copyright © La Comer. Todos los derechos reservados. Bienvenidas las tarjetas: 24/04/2019 1.0 Al navegar en este sitio aceptas las cookies que utilizamos para mejorar tu experiencia. ACEPTO",,0,,,,unknown,
DIANA,"DIANA ARROZ DIANA 500 G Unidades disponibles 1250 D1 Top 100 500 g (g a $ 3,98) Descripción Ingredientes | Componentes Nombre del producto: Arroz Diana 500 g Descripción del producto: Arroz blanco de alta calidad, ideal para preparar tus comidas favoritas. Presentación de 500 gramos. Características del Producto: Tamaño: 18cm x 12cm Peso: 500 g Modo de fabricación: Industrial Conservación: Mantener en un lugar fresco y seco Origen: Nacional Registro Sanitario Invima: RSAT10I1302 Componentes: Arroz blanco Ver más También puede interesarte $ 2.150 FIDEOS DORIA 250 GRS 250 g (g a $ 8,6) Agregar D1 Top 100 $ 2.150 SPAGHETTI DORIA 250 G 250 g (g a $ 8,6) Agregar D1 Top 100 $ 2.600 HARINA DE MAIZ BLANCA PAN 800 G 800 g (g a $ 3,25) Agregar Amor y amistad $ 12.900 SALCHICHA RANCHERA X 230 G X 7 UD 230 g (g a $ 56,09) Agregar $ 3.750 CEBOLLA CABEZONA X 1000G 1000 g (g a $ 3,75) Agregar $ 3.990 TOMATE CHONTO X 1000 G 1000 g (g a $ 3,99) Agregar Bajó de precio $ 8.990 ACEITE DE GIRASOL DON OLIO 900 ML 900 ml (ml a $ 9,99) Agregar $ 8.990 SALSA DE TOMATE FRUCO 500G 500 g (g a $ 17,98) Agregar D1 Top 100 $ 7.300 PANELA PASTILLA 1000 G 1000 g (g a $ 7,3) Agregar Amor y amistad $ 13.650 JAMÓN PIETRÁN ESTANDAR 230G 230 g (g a $ 59,35) Agregar Productos relacionados $ 5.490 ENSALADA ATÚN CON VEGETALES Y MAÍZ CARLO FORTE ... 120 g (g a $ 45,75) Agregar $ 2.990 GASEOSA FRESH COLA SWIGEN/IZOTS 1700 ML 1700 ml (ml a $ 1,76) Agregar $ 1.750 PIMIENTA MOLIDA SPECIARIA 28 G 28 g (g a $ 62,5) Agregar Tratamiento de Datos Garantías Términos y condiciones Superintendencia de Industria y Comercio – SIC 0.17.168-hotfix-2.",,3.98,,,,unknown,
ALBAR,"ALBAR ARROZ ESTÁNDAR ALBAR 500 GRS Unidades disponibles 437 D1 Top 100 500 g (g a $ 3,3) Descripción Ingredientes | Componentes Nombre del producto: Arroz Estándar 500g Descripción del producto: Arroz blanco seleccionado, ideal para preparaciones diarias. Presentación práctica de 500 gramos, excelente opción para hogares pequeños o para complementar tu despensa. Características del Producto: Tamaño: 19cm x 11cm Peso: 500 g Modo de fabricación: Industrial Conservación: Debe mantenerse en un lugar fresco y seco, protegido de humedad, líquidos y productos con olor fuerte Origen: Nacional Registro Sanitario Invima: NSA-0007355-2019 Componentes: Arroz blanco ¡Queremos que tengas la mejor experiencia!. Si tienes dudas sobre este producto o su contenido, te invitamos a consultar nuestros Términos y condiciones para conocer más sobre devoluciones y nuestras políticas de reembolsos.. Ver más También puede interesarte $ 1.150 SPAGUETTI CAPRÍSSIMA 250 GRS 250 g (g a $ 4,6) Agregar $ 2.850 LENTEJA EL ESTÍO 500 GRS 500 g (g a $ 5,7) Agregar $ 1.150 CABELLO DE ÁNGEL CAPRÍSSIMA 250 GRS 250 g (g a $ 4,6) Agregar $ 1.150 CONCHA CAPRÍSSIMA 250 GRS 250 g (g a $ 4,6) Agregar D1 Top 100 $ 3.750 AZÚCAR BLANCA 1000 GRS 1000 g (g a $ 3,75) Agregar D1 Top 100 $ 2.550 SAL REFISAL 1000 G 1000 g (g a $ 2,55) Agregar Bajó de precio $ 5.290 FRÍJOL CARGAMANTO ROJO EL ESTÍO 500 GRS 500 g (g a $ 10,58) Agregar D1 Top 100 $ 1.450 BARRA ESPARCIBLE DON OLIO 125 G 125 g (g a $ 11,6) Agregar $ 2.450 HARINA DE MAIZ BLANCO QUICKSY 1000 G 1000 g (g a $ 2,45) Agregar Amor y amistad $ 5.600 GALLETAS SALADAS SALTISIMAS 6 TACOS 454 G... 454 g (g a $ 12,33) Agregar Productos relacionados $ 3.100 PLÁTANO X 1000G 1000 g (g a $ 3,1) Agregar Tratamiento de Datos Garantías Términos y condiciones Superintendencia de Industria y Comercio – SIC 0.17.168-hotfix-2.",,3.3,,,,unknown,
NATRI,"NATRI PAN TAJADO MULTIGRANOS 450 G Unidades disponibles 36 450 g (g a $ 13,31) Descripción Ingredientes | Componentes Nombre del producto: Pan Tajado Multigranos 450 g Descripción del producto: El Pan Tajado Multigranos es una deliciosa opción para quienes buscan un pan más nutritivo. Su textura suave y su mezcla única de ingredientes hacen de este pan una opción ideal para tu día a día. Características del Producto: Tamaño: 37 cm x 13 cm x 10 cm Peso: 450 g Modo de fabricación: Industrial Conservación: Conservar el producto dentro del empaque bien cerrado, en un lugar limpio, fresco y seco, alejado de sustancias que puedan interferir en las características propias del mismo. Después de abierto el empaque, consumir en el menor tiempo posible. Origen: Nacional Registro Sanitario Invima: NSA-0007272-2019 Alergenos: Contiene gluten. Puede contener trazas de leche, huevo, soya y sulfitos. Componentes: Harina de trigo fortificada (niacina, hierro, vitamina B1, vitamina B2, ácido fólico) Harina de trigo integral fortificada (niacina, hierro, vitamina B1, vitamina B2, ácido fólico) Agua Azúcar Uvas pasas Levadura Salvado de trigo Aceite de girasol Harina de centeno Semillas de chía Sal Sustituto de sodio (cloruro de potasio) Masa madre Regulador de acidez (ácido láctico) Conservantes (propionato de calcio, ácido sórbico) Emulsificantes (mono y diglicéridos y goma xantana) Acondicionador de masa (fosfato monocálcico) Enzimas (fúngicas y/o bacterianas) Esencia de vainilla Decorado con ajonjolí blanco, negro y hojuelas de avena Ver más También puede interesarte $ 3.750 AREPA DE MAÍZ INTEGRAL MULTIGRANOS 400 G 400 g (g a $ 9,38) Agregar $ 4.650 PAN MULTIGRANOS NATRI 0 AZUCAR 450 G 450 g (g a $ 10,33) Agregar Nuevo $ 4.950 TOSTADA INTEGRAL NATRI 110 GRS 110 g (g a $ 45) Agregar $ 3.990 TOMATE CHERRY 250 GR 250 g (g a $ 15,96) Agregar $ 16.950 YOGURT GRIEGO NATURAL VITA LATTI 850 GR 850 g (g a $ 19,94) Agregar $ 7.200 CHAMPIÑON 250 GR 250 g (g a $ 28,8) Agregar Amor y amistad $ ",,13.31,,,,unknown,
HORNEADITOS,"HORNEADITOS PAN TAJADO MANTEQUILLA 450G Unidades disponibles 53 450 g (g a $ 8,11) Descripción Ingredientes | Componentes Nombre del producto: Pan Tajado Mantequilla 450g Descripción del producto: Pan tajado con sabor mantequilla, suave y esponjoso, ideal para acompañar desayunos, meriendas o preparar sándwiches. Elaborado de forma industrial con ingredientes seleccionados para conservar su frescura y sabor. Características del Producto: Tamaño: 40cm x 12cm x 10cm Peso: 450 g Modo de fabricación: Industrial Conservación: Después de abierto el empaque, consumir en el menor tiempo posible. Almacenar en un lugar fresco y seco. Origen: Nacional Registro Sanitario Invima: NSA-0007272-2019 Alergenos: Contiene gluten y tartrazina. Puede contener trazas de ajonjolí blanco y/o negro, huevo, leche, soya y sulfitos. Componentes: Harina de trigo fortificada (niacina, hierro, vitamina B1, B2, ácido fólico) Agua Azúcar Aceite de girasol Leudante biológico (levadura) Sal Regulador de acidez (ácido láctico) Emulsionantes (mono y diglicéridos, goma xantana) Conservantes (propionato de calcio, ácido sórbico) Acondicionador de masa (fosfato monocálcico) Mantequilla Enzimas (fúngicas y/o bacterianas) Esencia de mantequilla Color artificial amarillo N.º 5 Ver más También puede interesarte $ 2.350 TOSTADA CLÁSICA MANTEQUILLA 150 GRS 150 g (g a $ 15,67) Agregar $ 2.850 LECHE ENTERA BOLSA UHT LATTI 900 ML 900 ml (ml a $ 3,17) Agregar Amor y amistad $ 8.700 JAMÓN DE CERDO VIANDÉ 400 GRS 400 g (g a $ 21,75) Agregar Amor y amistad $ 9.900 QUESO MOZZARELLA TAJADO LATTI 400 GRS 400 g (g a $ 24,75) Agregar $ 8.990 SALCHICHA CAMPESTRE VIANDÉ 400 GR 400 g (g a $ 22,48) Agregar $ 2.900 LECHE DESLACTOSADA BOLSA UHT LATTI 900ML 900 ml (ml a $ 3,22) Agregar D1 Top 100 $ 7.300 PANELA PASTILLA 1000 G 1000 g (g a $ 7,3) Agregar $ 3.650 PAN CHIPS DE CHOCOLATE HORNEADITOS 210 G 210 g (g a $ 17,38) Agregar D1 Top 100 $ 3.150 LECHE EQUILIBRIO TETRAPAK UHTLATTI 900ML 900 ml (ml a $ 3,5) Agregar Amor y amistad",,8.11,,,,unknown,
VITAL,"VITAL PAN VITAL FRUTICEREAL 500 G Unidades disponibles 9 500 g (g a $ 18,98) Descripción Ingredientes | Componentes Nombre del Producto: Pan Vital Fruticereal 500 G Descripción del producto: El Pan Vital Fruticereal de Bimbo es la opción perfecta para disfrutar en tus desayunos, meriendas o recetas favoritas. Este pan tajado con cereales y frutos deshidratados ofrece un sabor naturalmente dulce y una textura suave que encantará a toda la familia. Fabricado con ingredientes de alta calidad, este delicioso pan es ideal para toda la familia. Además, es fácil de consumir directamente. Características: Tamaño: 30 cm x 14 cm x 10 cm Peso: 500 g Modo fabricación: Industrial Origen: Nacional Registro Sanitario Invima: NSA-004822 Alérgenos: Contiene gluten y derivados Componentes: Harina de trigo (ingrediente principal) Cereales integrales (fuente de fibra) Frutos deshidratados (para sabor y textura) Azúcar (para endulzar) Aceite vegetal (para consistencia) Ver más También puede interesarte D1 Top 100 $ 6.300 ARÁNDANOS 125 G 125 g (g a $ 50,4) Agregar Amor y amistad $ 13.650 JAMÓN PIETRÁN ESTANDAR 230G 230 g (g a $ 59,35) Agregar Amor y amistad $ 7.990 GALLETA RELLENA DE FRUTA NATRI 145 G 145 g (g a $ 55,1) Agregar $ 9.600 YOX SURTIDO FRESA Y MELOCOTÓN ALPINA 4 UND - 40... 400 g (g a $ 24) Agregar Amor y amistad $ 12.900 SALCHICHA RANCHERA X 230 G X 7 UD 230 g (g a $ 56,09) Agregar Amor y amistad $ 11.950 JAMON DE PAVO FINAS HIERBAS 227 g (g a $ 52,64) Agregar $ 3.990 TOMATE CHERRY 250 GR 250 g (g a $ 15,96) Agregar $ 8.990 YOGURT MELOCOTON LIGHT VITA LATTI 1000GR 1000 ml (ml a $ 8,99) Agregar Quincena D1 $ 10.100 MANZANA VERDE 850 G 850 g (g a $ 11,88) Agregar $ 7.200 CHAMPIÑON 250 GR 250 g (g a $ 28,8) Agregar Productos relacionados $ 5.600 MERMELADA SIN AZUCAR NATRI 220GR 220 g (g a $ 25,45) Agregar $ 4.650 PAN MULTIGRANOS NATRI 0 AZUCAR 450 G 450 g (g a $ 10,33) Agregar Tratamiento de Datos Garantías Términos y condiciones Superintendencia de Industria y Comercio – SIC 0",,18.98,,,,unknown,
LATTI,"LATTI LECHE EQUILIBRIO TETRAPAK UHTLATTI 900ML Unidades disponibles 707 D1 Top 100 900 ml (ml a $ 3,5) Descripción Ingredientes | Componentes Nombre del producto: Leche Equilibrio UHT 900 mL - Latti Descripción del producto: La Leche Equilibrio UHT de Latti, en presentación de 900 mL, viene en envase Tetra Pak. Es una leche semidescremada de larga vida, ideal para uso diario gracias a su empaque práctico y duradero. Características del Producto: Tamaño: 15 cm x 12 cm Peso: 900 mL Modo de fabricación: Industrial Origen: Nacional Registro Sanitario Invima: RSA-0026943-2023 Alergenos: Contiene proteína láctea. Se produce en una planta que procesa avena, nueces y soja. Componentes: Leche semidescremada estandarizada Estabilizante (Tripolifosfato de sodio) ¡Queremos que tengas la mejor experiencia! Si tienes dudas sobre este producto o su contenido, te invitamos a consultar nuestros Términos y condiciones para conocer más sobre devoluciones y nuestras políticas de reembolsos. Ver más También puede interesarte $ 3.650 PAN TAJADO MANTEQUILLA 450G 450 g (g a $ 8,11) Agregar $ 22.850 ACEITE VEGETAL IMATÁ 3.000 ML 3000 ml (ml a $ 7,62) Agregar D1 Top 100 $ 11.490 HUEVO TIPO A SOL NACIENTE 30 UND 30 un (un a $ 383) Agregar Quincena D1 $ 8.190 ARROZ ESTÁNDAR ALBAR 2500G 2500 g (g a $ 3,28) Agregar D1 Top 100 $ 7.300 PANELA PASTILLA 1000 G 1000 g (g a $ 7,3) Agregar D1 Top 100 $ 1.990 ARROZ DIANA 500 G 500 g (g a $ 3,98) Agregar $ 3.250 PAN TAJADO BLANCO HORNEADITOS 450 GRS 450 g (g a $ 7,22) Agregar Amor y amistad $ 6.400 SALCHICHA TRADICIONAL VIANDE 400 G 400 g (g a $ 16) Agregar $ 7.350 ACEITE VEGETAL IMATÁ 900 ML 900 ml (ml a $ 8,17) Agregar $ 6.150 ARROZ ECONÓMICO ALBAR 2000 GRS 2000 g (g a $ 3,08) Agregar Productos relacionados $ 7.990 BEBIDA ALMENDRA SIN AZUCAR ALMONDEE 1000ML... 1000 ml (ml a $ 7,99) Agregar $ 5.650 AVENA TETRA PAK LATTI 900ML 900 ml (ml a $ 6,28) Agregar $ 7.990 BEBIDA ALMENDRA VAINILLA ALMONDEE 1000ML 1000 ml (ml a $ 7,99) Agregar Tratamiento de Datos ",,3.5,,,,unknown,
ALPIN,"ALPIN LECHE SABORIZADA ALPIN PACK X3 185ML Unidades disponibles 22 555 ml (ml a $ 16,2) Descripción Ingredientes | Componentes Nombre del producto: Leche Saborizada Alpin Pack x3 185 mL Descripción del producto: La Leche Saborizada Alpin es una bebida láctea lista para consumir, perfecta para cualquier momento del día. Características del Producto: Tamaño: 15 cm x 12 cm Peso: 555 mL (3 x 185 mL) Modo de fabricación: Industrial Origen: Nacional Registro Sanitario Invima: SA-000987-2016 Alergenos: Puede contener leche. Componentes: Leche Azúcar Saborizantes (chocolate) Vitaminas (B1, B2, A, Niacina) Ver más También puede interesarte $ 15.800 BONYURT 4 UND ALPINA 680 G 680 g (g a $ 23,24) Agregar $ 9.600 YOX SURTIDO FRESA Y MELOCOTÓN ALPINA 4 UND - 40... 400 g (g a $ 24) Agregar $ 5.550 ALPINITO SURTIDO FRESA O MELOCOTÓN 4 UND - 180 ... 180 g (g a $ 30,83) Agregar $ 3.490 AVENA ALPINA VASO 250 ML 250 ml (ml a $ 13,96) Agregar $ 1.300 PONY MALTA GO PET 200 ML 200 ml (ml a $ 6,5) Agregar $ 10.450 LONCHERA SURTIDA FRITOLAY 10 UN 236GR 236 g (g a $ 44,28) Agregar $ 4.800 TE HATSU SURTIDO 200 ML 600 ml (ml a $ 8) Agregar $ 7.490 CHOCORAMO 65G X 3 UNIDADES 195 g (g a $ 38,41) Agregar Amor y amistad $ 12.900 SALCHICHA RANCHERA X 230 G X 7 UD 230 g (g a $ 56,09) Agregar Tratamiento de Datos Garantías Términos y condiciones Superintendencia de Industria y Comercio – SIC 0.17.168-hotfix-2.",,16.2,,,,unknown,
TOMATE CHONTO X 1000 G,"TOMATE CHONTO X 1000 G Unidades disponibles 69 1000 g (g a $ 3,99) Descripción Nombre del producto: Tomate Chonto Descripción del producto: El tomate chonto es una variedad de tamaño mediano, piel lisa y color rojo intenso, ideal para todo tipo de preparaciones. Su pulpa jugosa y consistencia firme lo hacen perfecto para salsas, guisos, ensaladas, jugos y platos tradicionales. Es un ingrediente básico y versátil en la cocina del día a día. Presentación: 1000gr Modo de fabricación: Industrial Origen: Nacional Ver más También puede interesarte $ 3.750 CEBOLLA CABEZONA X 1000G 1000 g (g a $ 3,75) Agregar Quincena D1 $ 4.300 ZANAHORIA X 1000 G 1000 g (g a $ 4,3) Agregar Quincena D1 $ 3.900 CEBOLLA LARGA 500 GR 500 g (g a $ 7,8) Agregar $ 1.300 PIMENTÓN UNIDAD 1 un (un a $ 1.300) Agregar $ 4.400 LIMON TAHITI X 1000 GR 1000 g (g a $ 4,4) Agregar $ 3.100 PLÁTANO X 1000G 1000 g (g a $ 3,1) Agregar Quincena D1 $ 1.100 LECHUGA VERDE CRESPA X 180 G 180 g (g a $ 6,11) Agregar $ 7.100 PAPA CAPIRA X 2500 G 2500 g (g a $ 2,84) Agregar $ 4.990 CEBOLLA ROJA X 1000 G 1000 g (g a $ 4,99) Agregar D1 Top 100 $ 450 BANANO UNIDAD 1 un (un a $ 450) Agregar Productos relacionados $ 3.750 CEBOLLA CABEZONA X 1000G 1000 g (g a $ 3,75) Agregar $ 4.500 AGUACATE UNIDAD 1 un (un a $ 4.500) Agregar Quincena D1 $ 1.100 LECHUGA VERDE CRESPA X 180 G 180 g (g a $ 6,11) Agregar $ 4.990 TOMATE DE ARBOL X 1000G 1000 g (g a $ 4,99) Agregar Tratamiento de Datos Garantías Términos y condiciones Superintendencia de Industria y Comercio – SIC 0.17.168-hotfix-2.",,3.99,,,,unknown,
AINOA,"AINOA TOMATES SECOS AINOA 180 G Unidades disponibles 74 100 g (g a $ 92,5) Descripción Ingredientes | Componentes Nombre del producto: Tomates Secos Ainoa X 180g Descripción del producto: Los Tomates Secos Ainoa son ideales para quienes buscan un sabor concentrado y delicioso. Son perfectos para acompañar ensaladas, pastas o para ser consumidos directamente como aperitivo. Características del Producto: Tamaño: 7cm x 6.8cm Peso: 180 g Modo de fabricación: Industrial Conservación: Consérvese en un lugar fresco, limpio y seco. Después de abierto, consúmase en el menor tiempo posible y mantenga refrigerado. Origen: Nacional Registro Sanitario Invima: RSA-002656-2016 Componentes: Tomates secos (tomates, sal) Aceite de colza Mezcla de especias (orégano, albahaca) Azúcar ¡Queremos que tengas la mejor experiencia! Si tienes dudas sobre este producto o su contenido, te invitamos a consultar nuestros Términos y condiciones para conocer más sobre devoluciones y nuestras políticas de reembolsos. Ver más También puede interesarte $ 7.990 PESTO VERDE DELIZIARE X 190 G 190 g (g a $ 42,05) Agregar $ 6.490 PIMENTONES ASADOS 185G 150 g (g a $ 43,27) Agregar Amor y amistad $ 5.490 QUESO LATTI MOZZARELLA BUFALA 100GR 100 g (g a $ 54,9) Agregar $ 3.490 ACEITUNA DES/PIMIEN BOLSA AINOA 180 GR 70 g (g a $ 49,86) Agregar Amor y amistad $ 7.990 JAMON SERRANO 80 GRS 80 g (g a $ 99,88) Agregar $ 4.350 ACEITUNA EN LATA AINOA 200 GR 85 g (g a $ 51,18) Agregar Amor y amistad $ 8.400 CHORIZO VELA + SALAMI VALDECAVA 80 GR 80 g (g a $ 105) Agregar Amor y amistad $ 12.800 QUESO GHALIA BRIE CREAMY 125GR 125 g (g a $ 102,4) Agregar $ 9.490 LONJAS DE ALMENDRA NUTHOS 100 GR 100 g (g a $ 94,9) Agregar Productos relacionados $ 1.990 OREGANO SPECIARIA 20 G 20 g (g a $ 99,5) Agregar $ 4.200 PAN ÁRABE BACKEREI 5 UND 300 G 300 g (g a $ 14) Agregar D1 Top 100 $ 3.990 SPAGHETTI DELIZIARE 500 G 500 g (g a $ 7,98) Agregar Tratamiento de Datos Garantías Términos y condiciones Superintendencia de Industria y Comerci",,92.5,,,,unknown,
.,". BANANO UNIDAD Unidades disponibles 180 D1 Top 100 1 un (un a $ 450) Descripción Nombre del producto: Banano Descripción del producto: Disfruta del banano es una fruta tropical de pulpa suave, dulce y de sabor agradable. Su cáscara fácil de pelar lo convierte en una opción práctica para consumir en cualquier momento del día, ya sea solo, en batidos, postres, desayunos o como ingrediente en múltiples recetas. Presentación : Unidad Modo de fabricación: Industrial Origen: Nacional Ver más También puede interesarte $ 4.600 MANGO VARIEDAD UNIDAD 1 un (un a $ 4.600) Agregar $ 3.990 TOMATE CHONTO X 1000 G 1000 g (g a $ 3,99) Agregar Quincena D1 $ 8.990 PAPAYA UNIDAD 1 un (un a $ 8.990) Agregar $ 1.300 AGUACATE HASS UNIDAD 1 un (un a $ 1.300) Agregar $ 4.500 AGUACATE UNIDAD 1 un (un a $ 4.500) Agregar Quincena D1 $ 4.300 ZANAHORIA X 1000 G 1000 g (g a $ 4,3) Agregar $ 3.100 PLÁTANO X 1000G 1000 g (g a $ 3,1) Agregar $ 3.750 CEBOLLA CABEZONA X 1000G 1000 g (g a $ 3,75) Agregar $ 4.400 LIMON TAHITI X 1000 GR 1000 g (g a $ 4,4) Agregar $ 1.300 PIMENTÓN UNIDAD 1 un (un a $ 1.300) Agregar Productos relacionados D1 Top 100 $ 6.300 ARÁNDANOS 125 G 125 g (g a $ 50,4) Agregar Quincena D1 $ 10.600 MANZANA ROYAL GALA 1000 GRS 1000 g (g a $ 10,6) Agregar Quincena D1 $ 1.100 LECHUGA VERDE CRESPA X 180 G 180 g (g a $ 6,11) Agregar Tratamiento de Datos Garantías Términos y condiciones Superintendencia de Industria y Comercio – SIC 0.17.168-hotfix-2.",,450,,,,unknown,
"Este sitio web utiliza cookies propias para optimizar la experiencia de nuestros clientes, analizar estadísticas de navegación del sitio y de terceros para brindar contenidos personalizados de acuerdo","Este sitio web utiliza cookies propias para optimizar la experiencia de nuestros clientes, analizar estadísticas de navegación del sitio y de terceros para brindar contenidos personalizados de acuerdo con sus preferencias. Al dar click en [Aceptar], autoriza el uso de cookies durante su navegación. Para más información, consulte nuestra Política de Cookies en el Aviso de Privacidad . Aceptar Supermercado Despensa Aceites y vinagres Aceite Patrona Mixto 1 L Patrona Cargando comentarios… Aceite Patrona Mixto 1 L Aceite Patrona Mixto 1 L Referencia : 3009886 Información Resalta el sabor y la textura de los alimentos Las imágenes del producto son únicamente de referencia, el diseño de etiquetas y el contenido (ml, L, Kg, g, piezas, etc) pueden cambiar y/o variar sin previo aviso. Mostrar más Comparte Vendido y entregado por: Chedraui Descripción Especificaciones Mezcla saludable de aceites vegetales insaturados Productos relacionados Aceite Cristal Mixto 1 L Cristal $0.00 1 pieza de 1L Combo Cantidad Máxima Equivale a ≈1 pza 3x2 Aceite Cartamo Oleico 825ml Oléico $0.00 1 pieza de 825ml Combo Cantidad Máxima Equivale a ≈1 pza 3x2 Aceite de Ajonjolí Tostado Inés 250ml Inés $0.00 1 pieza de 250ml Combo Cantidad Máxima Equivale a ≈1 pza 3x2 Aceite de Aguacate Olew Ajo 250ml Olew $0.00 1 pz de 250ml Combo Cantidad Máxima Equivale a ≈1 pza 3x2 Aceite Chedraui Mixto 800ml Chedraui $0.00 1 pieza de 800ml Combo Cantidad Máxima Equivale a ≈1 pza 3x2 Aceite de Aguacate Olew 250ml Olew $0.00 1 pz de 250ml Combo Cantidad Máxima Equivale a ≈1 pza 3x2 Aceite Vegetal Comestible Sabrosano Mantequilla 850ml Sabro Sano $0.00 1 pieza de 850ml Combo Cantidad Máxima Equivale a ≈1 pza 3x2 Mantequilla PAM 141g PAM $0.00 1 pieza de 141g Combo Cantidad Máxima Equivale a ≈1 pza 3x2 Aceite Pam Original 170g PAM $0.00 1 pieza de 170g Combo Cantidad Máxima Equivale a ≈1 pza 3x2 Aceite Vegetal Comestible Ave 850ml Ave $0.00 1 pieza de 850ml Combo Cantidad Máxima Equivale a ≈1 pza 3x2 Aceite de Pepita",,000,,,,unknown,
0,"0 BUSCAR PRODUCTOS Ingresa 0 $0 M.N Estás en: La Comer Coyoacán La Comer Tecnológico Toluca La Comer Altaria Aguascalientes La Comer Bosque Esmeralda La Comer Bosque Real La Comer CDMX Sur La Comer Cabo San Lucas La Comer Cascada Los Cabos La Comer Coyoacán La Comer Del Valle La Comer Diana Cuernavaca La Comer El Refugio Qro La Comer Estadio Qro La Comer Iguala La Comer Insurgentes La Comer Irapuato La Comer Iztapalapa Las Torres La Comer Juriquilla La Comer Lago Alberto La Comer Las Animas La Comer Lomas Anáhuac La Comer Manzanillo La Comer Morelia La Comer Nuevo Vallarta La Comer Olivar La Comer Pozuelos Guanajuato La Comer Puebla La Comer Pueblo Nuevo Qro La Comer San Juan del Río La Comer San Miguel de Allende La Comer Santa María La Ribera La Comer Tlalpan La Comer Torres de Satélite La Comer Tultitlán La Comer Uruapan La Comer Vallarta Fluvial La Comer Valle Dorado La Comer Villa Coapa La Comer Zaragoza Qro La Comer Álamos Parque Qro La Comer Coyoacán Dirección MIGUEL ANGEL DE QUEVEDO 443, ROMERO DE TERREROS, 4310 COYOACAN, MEXICO, CIUDAD DE MÉXICO ¡Deseo comprar aquí! Toggle navigation Departamentos Departamentos Sitios de Información Monedero Naranja En tu casa Plus La Comer Card Recetas Spooky Season Departamentos Sitios de Información Recetas Spooky Season Estas en: La Comer Coyoacán Inicio Aceite Vegetal Aceite Vegetal Ave 850 ml REGRESAR $36.90 M.N. $33.90 M.N. pieza Piezas Agregar PRESENTACIÓN/ENVASE: BOTELLA Ingredientes Declaración Nutrimental ACEITE VEGETAL DE SOYA, ACEITE VEGETAL DE CANOLA Tamaño de porción: 100.00 ml Contenido energético 3400.00 kj Proteínas 0.00 g Grasas totales (Lípidos) 92.00 g Grasas saturadas 14.00 g Grasas trans 675.00 mg Hidratos de Carbono Disponibles 0.00 g Azúcares 0.00 g Azúcares Añadidos 0.00 g Fibra Dietética 0.00 g Sodio 0.00 mg x Promociones Cerrar Más información TAMBIÉN TE PUEDE INTERESAR Aceite vegetal 1.2.3. 500 ML. x $29.50 M.N. x Piezas Piezas Agregar $29.50 M.N. Aceite vegetal 1.2.3. 1 LT. x $45.00 M.N. x Piez",,0,,,,unknown,
CEBOLLA CABEZONA X 1000G,"CEBOLLA CABEZONA X 1000G Unidades disponibles 31 1000 g (g a $ 3,75) Descripción Nombre del producto: Cebolla Cabezona Descripción del producto: La cebolla cabezona es un ingrediente básico en la cocina, apreciado por su sabor característico y su versatilidad. Con una textura firme y una piel externa seca, es ideal para sofreír, asar, encurtir o usar como base en todo tipo de preparaciones. Aporta aroma y profundidad a tus platos favoritos, desde recetas tradicionales hasta creaciones más elaboradas. Presentación : 1000gr Modo de fabricación: Industrial Origen: Nacional Ver más También puede interesarte $ 3.990 TOMATE CHONTO X 1000 G 1000 g (g a $ 3,99) Agregar Quincena D1 $ 3.900 CEBOLLA LARGA 500 GR 500 g (g a $ 7,8) Agregar Quincena D1 $ 4.300 ZANAHORIA X 1000 G 1000 g (g a $ 4,3) Agregar $ 1.300 PIMENTÓN UNIDAD 1 un (un a $ 1.300) Agregar $ 4.400 LIMON TAHITI X 1000 GR 1000 g (g a $ 4,4) Agregar $ 3.100 PLÁTANO X 1000G 1000 g (g a $ 3,1) Agregar $ 7.100 PAPA CAPIRA X 2500 G 2500 g (g a $ 2,84) Agregar Quincena D1 $ 1.100 LECHUGA VERDE CRESPA X 180 G 180 g (g a $ 6,11) Agregar $ 1.350 AJO MALLA 3 UNIDADES - 100 G 100 g (g a $ 13,5) Agregar D1 Top 100 $ 450 BANANO UNIDAD 1 un (un a $ 450) Agregar Productos relacionados $ 3.990 TOMATE CHONTO X 1000 G 1000 g (g a $ 3,99) Agregar Quincena D1 $ 3.900 CEBOLLA LARGA 500 GR 500 g (g a $ 7,8) Agregar Quincena D1 $ 1.100 LECHUGA VERDE CRESPA X 180 G 180 g (g a $ 6,11) Agregar Tratamiento de Datos Garantías Términos y condiciones Superintendencia de Industria y Comercio – SIC 0.17.168-hotfix-2.",,3.75,,,,unknown,
MCCAIN,"MCCAIN PAPA AIRFRYER MCCAIN X 500G Unidades disponibles 33 500 g (g a $ 24,9) Descripción Ingredientes | Componentes Nombre del producto: Papa Airfryer McCain 500g Descripción del producto: Papas precocidas y/o prefritas congeladas, súper crocantes y rápidas de preparar, aptas para horno y airfryer (no apto microondas). Características del Producto: Tamaño: 24cm x 23cm Peso: 500 g Modo de fabricación: Industrial Conservación: Mantener congelado a -18°C, no volver a congelar una vez descongelado Origen: Importado Registro Sanitario Invima: RSA-005918-2018 Alergenos: Puede contener proteína de arveja y harina de arroz (potenciales alérgenos para algunas personas). Componentes: Papas Aceite vegetal (canola, soya, algodón, girasol, maíz) - Origen Norteamérica Almidón de papa modificado Dextrina Dextrosa Levadura Fibra de arveja Proteína de arveja Harina de arroz Sal Pirofosfato ácido de sodio Goma xantana Cobertura (almidón modificado, harina de arroz, dextrina, goma xantana) - Origen Europa Aceite de girasol Ver más También puede interesarte Bajó de precio $ 10.950 EMPANADAS DE QUESO TOASTATAS 10 UN X400G 400 g (g a $ 27,38) Agregar $ 6.990 PAN DE YUCA BACKEREI 8 UNDS 160 G 160 g (g a $ 43,69) Agregar Amor y amistad $ 12.900 SALCHICHA RANCHERA X 230 G X 7 UD 230 g (g a $ 56,09) Agregar $ 6.490 DEDITO DE QUESO BACKEREI 10 UND - 250 G 250 g (g a $ 25,96) Agregar Amor y amistad $ 13.650 JAMÓN PIETRÁN ESTANDAR 230G 230 g (g a $ 59,35) Agregar $ 3.990 TOMATE CHERRY 250 GR 250 g (g a $ 15,96) Agregar $ 8.490 MILANESA DE POLLO APANADA 320 G BRASSET 320 g (g a $ 26,53) Agregar $ 9.890 EMPANADA CON CARNE TOASTATAS 12 UND 420 G... 420 g (g a $ 23,55) Agregar $ 7.200 CHAMPIÑON 250 GR 250 g (g a $ 28,8) Agregar Productos relacionados $ 4.990 PAPAS A LA FRANCESA TOASTATAS 500 G 500 g (g a $ 9,98) Agregar $ 4.490 CROQUETA DE YUCA TOASTATAS 500 G 500 g (g a $ 8,98) Agregar $ 7.950 NUGGETS DE POLLO PREMIUM BRASSET 300 G 300 g (g a $ 26,5) Agregar Tratamiento de Datos Garantías Término",,24.9,,,,unknown,
.,". PAPA CAPIRA X 2500 G Unidades disponibles 62 2500 g (g a $ 2,84) Descripción Nombre del producto: Papa Capira Descripción del producto: Disfruta de la papa capira es una variedad de piel amarilla y textura firme, muy apreciada por su sabor y versatilidad en la cocina. Es ideal para freír, hervir, hornear o preparar guisos y sopas. Su tamaño uniforme y su excelente consistencia la hacen una opción práctica para todo tipo de recetas caseras o profesionales. Presentación: 2500g Modo de fabricación: Industrial Origen: Nacional Ver más También puede interesarte Nuevo $ 6.900 PAPA CRIOLLA 1000G 1000 g (g a $ 6,9) Agregar $ 3.990 TOMATE CHONTO X 1000 G 1000 g (g a $ 3,99) Agregar $ 3.750 CEBOLLA CABEZONA X 1000G 1000 g (g a $ 3,75) Agregar Quincena D1 $ 4.300 ZANAHORIA X 1000 G 1000 g (g a $ 4,3) Agregar $ 3.100 PLÁTANO X 1000G 1000 g (g a $ 3,1) Agregar $ 4.990 CEBOLLA ROJA X 1000 G 1000 g (g a $ 4,99) Agregar $ 1.300 PIMENTÓN UNIDAD 1 un (un a $ 1.300) Agregar $ 4.400 LIMON TAHITI X 1000 GR 1000 g (g a $ 4,4) Agregar Quincena D1 $ 3.900 CEBOLLA LARGA 500 GR 500 g (g a $ 7,8) Agregar $ 3.950 ESPINACA X 200G 200 g (g a $ 19,75) Agregar Productos relacionados Quincena D1 $ 3.900 CEBOLLA LARGA 500 GR 500 g (g a $ 7,8) Agregar $ 1.300 PIMENTÓN UNIDAD 1 un (un a $ 1.300) Agregar Quincena D1 $ 4.300 ZANAHORIA X 1000 G 1000 g (g a $ 4,3) Agregar $ 3.990 TOMATE CHONTO X 1000 G 1000 g (g a $ 3,99) Agregar Tratamiento de Datos Garantías Términos y condiciones Superintendencia de Industria y Comercio – SIC 0.17.168-hotfix-2.",,2.84,,,,unknown,
LATTI,"LATTI QUESO MOZZARELLA TAJADO X 250G LATTI Unidades disponibles 26 Bajó de precio 250 g (g a $ 36,4) Descripción Ingredientes | Componentes Nombre del producto: Queso Mozzarella Tajado x 250g Latti Descripción del producto: Disfruta del Queso Mozzarella Tajado Latti en su presentación de 250 gramos, ideal para tus comidas y preparaciones favoritas. Este queso fresco, semigraso y semiduro, es perfecto para fundir o consumir directamente. Su sabor suave y textura lo hacen una opción práctica y deliciosa para el día a día. Características del Producto: Tamaño: 12.8 cm x 12.5 cm x 4 cm Peso: 250 g Modo de fabricación: Industrial Origen: Nacional Registro Sanitario Invima: RSA-006514-2018 Alergenos: Contiene leche y productos lácteos. Componentes: Leche pasteurizada parcialmente descremada Sal Cultivos de quesos Enzimas Palmitato de vitamina A Ver más También puede interesarte Tratamiento de Datos Garantías Términos y condiciones Superintendencia de Industria y Comercio – SIC 0.17.168-hotfix-2.",,36.4,,,,unknown,
ALPINA,"ALPINA QUESITO ALPINA 185 G Unidades disponibles 28 Amor y amistad 185 g (g a $ 32,38) Descripción Ingredientes | Componentes Nombre del producto: Quesito Alpina 185 g Descripción del producto: Disfruta del delicioso Quesito Alpina, un queso fresco, blando y semigraso, ideal para acompañar tus comidas o consumir directamente del envase. Características del Producto: Tamaño: 11.5 cm x 4 cm Peso: 185 g Modo de fabricación: Industrial Origen: Nacional Registro Sanitario Invima: RSA-005113-2018 Alergenos: Puede contener leche Componentes: Leche Cultivos lácticos Sal Ver más También puede interesarte Amor y amistad $ 13.650 QUESO PARMESANO ALPINA 120 GRS 120 g (g a $ 113,75) Agregar $ 9.600 YOX SURTIDO FRESA Y MELOCOTÓN ALPINA 4 UND - 40... 400 g (g a $ 24) Agregar Amor y amistad $ 5.490 QUESO LATTI MOZZARELLA BUFALA 100GR 100 g (g a $ 54,9) Agregar Amor y amistad $ 8.750 QUESO CAMPESINO BLOQUE LATTI X350G 350 g (g a $ 25) Agregar Amor y amistad $ 7.800 SIXPACK CHEESE STICK VITA LATTI 180GR 180 g (g a $ 43,33) Agregar Amor y amistad $ 12.800 QUESO GHALIA BRIE CREAMY 125GR 125 g (g a $ 102,4) Agregar Amor y amistad $ 8.300 QUESO HOLANDES GHALIA 150 GR 150 g (g a $ 55,33) Agregar $ 3.990 TOMATE CHERRY 250 GR 250 g (g a $ 15,96) Agregar Amor y amistad $ 13.650 JAMÓN PIETRÁN ESTANDAR 230G 230 g (g a $ 59,35) Agregar Amor y amistad $ 9.990 QUESO PERA LATTERIA 300 GR 300 g (g a $ 33,3) Agregar Productos relacionados $ 8.800 CUAJADA LATTI 400 GRS 400 g (g a $ 22) Agregar Amor y amistad $ 9.990 QUESO PERA LATTERIA 300 GR 300 g (g a $ 33,3) Agregar Amor y amistad $ 9.900 QUESILLO BLOQUE LATTI 400 G 400 g (g a $ 24,75) Agregar Tratamiento de Datos Garantías Términos y condiciones Superintendencia de Industria y Comercio – SIC 0.17.168-hotfix-2.",,32.38,,,,unknown,
RIOPAI/MAYAGÜ/SÚKA,"RIOPAI/MAYAGÜ/SÚKA AZÚCAR BLANCA 1000 GRS Unidades disponibles 536 D1 Top 100 1000 g (g a $ 3,75) Descripción Ingredientes | Componentes Nombre del producto: Azúcar Blanca 1000 g Descripción del producto: Disfruta de la Azúcar Blanca, ideal para endulzar bebidas, preparar postres y realzar tus recetas favoritas. Características del Producto: Tamaño: 20cm x 13cm Peso: 1000 g Modo de fabricación: Industrial Conservación: Mantener en un lugar fresco y seco Origen: Nacional Registro Sanitario Invima: NSA-0019249-2024 Componentes: Azúcar de caña refinada ¡Queremos que tengas la mejor experiencia!. Si tienes dudas sobre este producto o su contenido, te invitamos a consultar nuestros Términos y condiciones para conocer más sobre devoluciones y nuestras políticas de reembolsos.. Ver más También puede interesarte D1 Top 100 $ 2.550 SAL REFISAL 1000 G 1000 g (g a $ 2,55) Agregar $ 22.850 ACEITE VEGETAL IMATÁ 3.000 ML 3000 ml (ml a $ 7,62) Agregar $ 1.700 HARINA DE TRIGO QUICKSY 500 G 500 g (g a $ 3,4) Agregar $ 2.850 LENTEJA EL ESTÍO 500 GRS 500 g (g a $ 5,7) Agregar $ 1.150 CABELLO DE ÁNGEL CAPRÍSSIMA 250 GRS 250 g (g a $ 4,6) Agregar D1 Top 100 $ 2.550 CREMA LAVALOZA BRILLA KING 500 GRS 500 g (g a $ 5,1) Agregar $ 7.350 ACEITE VEGETAL IMATÁ 900 ML 900 ml (ml a $ 8,17) Agregar $ 2.850 LECHE ENTERA BOLSA UHT LATTI 900 ML 900 ml (ml a $ 3,17) Agregar Quincena D1 $ 19.900 CAFÉ TOSTADO Y MOLIDO VIEJO MOLINO 500 G 500 g (g a $ 39,8) Agregar $ 7.450 ESPARCIBLE VEGETAL DON OLIO 500 G 500 g (g a $ 14,9) Agregar Productos relacionados $ 3.990 PREMEZCLA PARA PANCAKES QUICKSY 300 G 300 g (g a $ 13,3) Agregar $ 1.700 HARINA DE TRIGO QUICKSY 500 G 500 g (g a $ 3,4) Agregar D1 Top 100 $ 950 AGUA SIN GAS OMI 1000 ML 1000 ml (ml a $ 0,95) Agregar Tratamiento de Datos Garantías Términos y condiciones Superintendencia de Industria y Comercio – SIC 0.17.168-hotfix-2.",,3.75,,,,unknown,
RIOPAILA/MAYAGÜ,"RIOPAILA/MAYAGÜ AZÚCAR MORENA 1000 GRS Unidades disponibles 581 D1 Top 100 1000 g (g a $ 4,29) Descripción Ingredientes | Componentes Nombre del producto: Azúcar Morena 1000g Descripción del producto: Disfruta de la Azúcar Morena de Mayagüez, un producto refinado y empacado industrialmente, ideal para endulzar tus recetas. Características del Producto: Tamaño: 22cm x 13cm Peso: 1000 g Modo de fabricación: Industrial Conservación: Mantener en un lugar fresco y seco. Origen: Nacional Registro Sanitario Invima: NSA-0019958-2025 Componentes: Azúcar de caña morena ¡Queremos que tengas la mejor experiencia!. Si tienes dudas sobre este producto o su contenido, te invitamos a consultar nuestros Términos y condiciones para conocer más sobre devoluciones y nuestras políticas de reembolsos.. Ver más También puede interesarte D1 Top 100 $ 2.550 SAL REFISAL 1000 G 1000 g (g a $ 2,55) Agregar D1 Top 100 $ 7.300 PANELA PASTILLA 1000 G 1000 g (g a $ 7,3) Agregar $ 2.850 LENTEJA EL ESTÍO 500 GRS 500 g (g a $ 5,7) Agregar $ 9.950 ARROZ PREMIUM ALBAR 2500 G 2500 g (g a $ 3,98) Agregar Bajó de precio $ 5.290 FRÍJOL CARGAMANTO ROJO EL ESTÍO 500 GRS 500 g (g a $ 10,58) Agregar $ 5.400 FRÍJOL BOLA ROJA EL ESTÍO 500 GRS 500 g (g a $ 10,8) Agregar Quincena D1 $ 19.900 CAFÉ TOSTADO Y MOLIDO VIEJO MOLINO 500 G 500 g (g a $ 39,8) Agregar $ 1.150 CABELLO DE ÁNGEL CAPRÍSSIMA 250 GRS 250 g (g a $ 4,6) Agregar $ 11.450 CHOCOLATE CLAVOS Y CANELA DE LA TAZA 500 G... 500 g (g a $ 22,9) Agregar $ 2.690 GARBANZO EL ESTÍO 500 GRS 500 g (g a $ 5,38) Agregar Productos relacionados $ 5.250 PREMEZCLA TORTA VAINILLA QUICKSY 400 G 400 g (g a $ 13,13) Agregar $ 2.190 HARINA DE TRIGO CON POLVO PARA HORNEAR 500 g (g a $ 4,38) Agregar D1 Top 100 $ 3.400 AGUA SIN GAS OMI 5000 ML 5000 ml (ml a $ 0,68) Agregar Tratamiento de Datos Garantías Términos y condiciones Superintendencia de Industria y Comercio – SIC 0.17.168-hotfix-2.",,4.29,,,,unknown,
NATRI,"NATRI ENDULZANTE CON STEVIA NATRI 180 G Unidades disponibles 38 180 g (g a $ 34,17) Descripción Ingredientes | Componentes Nombre del producto: Endulzante con Stevia Natri 180g Descripción del producto: Disfruta del Endulzante con Stevia Natri, un endulzante en polvo base maltodextrina con stevia. Características del Producto: Tamaño: 10cm x 7cm Peso: 180 g Modo de fabricación: Industrial Conservación: Después de abierto, consumir en el menor tiempo posible. Mantener en un lugar fresco y seco. Origen: Nacional Registro Sanitario Invima: NSA-0014022-2023 Alergenos: Este producto es elaborado en una planta que procesa derivados de leche y soya. Componentes: Maltodextrina Harina de arroz Edulcorante natural (Extracto de stevia) Anticompactante (Dióxido de silicio) Ver más Tratamiento de Datos Garantías Términos y condiciones Superintendencia de Industria y Comercio – SIC 0.17.168-hotfix-2.",,34.17,,,,unknown,
RIOPAI/MAYAGÜ/SÚKA,"RIOPAI/MAYAGÜ/SÚKA AZÚCAR BLANCA 1000 GRS Unidades disponibles 536 D1 Top 100 1000 g (g a $ 3,75) Descripción Ingredientes | Componentes Nombre del producto: Azúcar Blanca 1000 g Descripción del producto: Disfruta de la Azúcar Blanca, ideal para endulzar bebidas, preparar postres y realzar tus recetas favoritas. Características del Producto: Tamaño: 20cm x 13cm Peso: 1000 g Modo de fabricación: Industrial Conservación: Mantener en un lugar fresco y seco Origen: Nacional Registro Sanitario Invima: NSA-0019249-2024 Componentes: Azúcar de caña refinada ¡Queremos que tengas la mejor experiencia!. Si tienes dudas sobre este producto o su contenido, te invitamos a consultar nuestros Términos y condiciones para conocer más sobre devoluciones y nuestras políticas de reembolsos.. Ver más También puede interesarte D1 Top 100 $ 2.550 SAL REFISAL 1000 G 1000 g (g a $ 2,55) Agregar $ 22.850 ACEITE VEGETAL IMATÁ 3.000 ML 3000 ml (ml a $ 7,62) Agregar $ 1.700 HARINA DE TRIGO QUICKSY 500 G 500 g (g a $ 3,4) Agregar $ 2.850 LENTEJA EL ESTÍO 500 GRS 500 g (g a $ 5,7) Agregar $ 1.150 CABELLO DE ÁNGEL CAPRÍSSIMA 250 GRS 250 g (g a $ 4,6) Agregar D1 Top 100 $ 2.550 CREMA LAVALOZA BRILLA KING 500 GRS 500 g (g a $ 5,1) Agregar $ 7.350 ACEITE VEGETAL IMATÁ 900 ML 900 ml (ml a $ 8,17) Agregar $ 2.850 LECHE ENTERA BOLSA UHT LATTI 900 ML 900 ml (ml a $ 3,17) Agregar Quincena D1 $ 19.900 CAFÉ TOSTADO Y MOLIDO VIEJO MOLINO 500 G 500 g (g a $ 39,8) Agregar $ 7.450 ESPARCIBLE VEGETAL DON OLIO 500 G 500 g (g a $ 14,9) Agregar Productos relacionados $ 3.990 PREMEZCLA PARA PANCAKES QUICKSY 300 G 300 g (g a $ 13,3) Agregar $ 1.700 HARINA DE TRIGO QUICKSY 500 G 500 g (g a $ 3,4) Agregar D1 Top 100 $ 950 AGUA SIN GAS OMI 1000 ML 1000 ml (ml a $ 0,95) Agregar Tratamiento de Datos Garantías Términos y condiciones Superintendencia de Industria y Comercio – SIC 0.17.168-hotfix-2.",,3.75,,,,unknown,
Saltar menú Cenco,"Saltar menú Cenco Exclusivo online Nescafé Café Nescafé Tradición 170 g Código: 265113 Nota 4.8 (52 comentarios ) Lleva 2 por $10.590 $31.147 x kg $8.190 $48.176 x kg Agregar Agregar a tus listas 1/6 Descubre Productos Similares Agregar a Mis listas $8.590 $50.529 x kg Nescafé Café Nescafé Tradición 170 g Agregar Agregar a Mis listas $2.990 $2.990 x un Nescafé Café Nescafé Tradición 50 g Agregar Oferta Agregar a Mis listas $4.290 $6.190 $34.320 x kg Nescafé Café Nescafé Tradición 125 g Agregar Características Descripción Ingredientes Condición alimentaria Información nutricional Receta Tipo de Producto Café Instantáneo Económico Cantidad 1 un. Formato Polvo Envase Tarro País de Origen Chile Variedad Tradición Contenido 170 g Almacenamiento Conservar en lugar fresco y seco Garantía Mínima Legal Válida hasta su fecha de caducidad Te podrían interesar Agregar a Mis listas $1.110 $1.110 x lt Cuisine & Co Leche Cuisine & Co Entera 1 L Agregar 4.8 Agregar a Mis listas $1.290 $1.290 x kg Cuisine & Co Azúcar Cuisine & Co Blanca Granulada 1 kg Agregar 4.8 Oferta Agregar a Mis listas $2.890 $3.590 $11.560 x lt Iansa Cero K Endulzante Iansa Cero K Líquido Sucralosa 250 ml Agregar 5.0 Usamos cookies para mejorar tu experiencia en Jumbo. ¿Nos das permiso para guardarlas en tu dispositivo? Configurar cookies Aceptar todas las cookies Centro de preferencia de privacidad Las cookies son una tecnología que nos permite personalizar tu experiencia en Jumbo. Para eso, necesitamos permiso para almacenar, procesar, tratar o disponer datos sobre tu paso por nuestra web. Esta información no te identifica directamente y está protegida siguiendo buenas prácticas de la industria. Gestionar las preferencias de consentimiento Cookies estrictamente necesarias Activas siempre Estas cookies son necesarias para el funcionamiento del sitio web y no se pueden desactivar. Están configuradas para responder a acciones hechas por usted para recibir servicios, tales como ajustar sus preferencias de privac",,10590,,,,unknown,
0,"0 BUSCAR PRODUCTOS Ingresa 0 $0 M.N Estás en: La Comer Coyoacán La Comer Tecnológico Toluca La Comer Altaria Aguascalientes La Comer Bosque Esmeralda La Comer Bosque Real La Comer CDMX Sur La Comer Cabo San Lucas La Comer Cascada Los Cabos La Comer Coyoacán La Comer Del Valle La Comer Diana Cuernavaca La Comer El Refugio Qro La Comer Estadio Qro La Comer Iguala La Comer Insurgentes La Comer Irapuato La Comer Iztapalapa Las Torres La Comer Juriquilla La Comer Lago Alberto La Comer Las Animas La Comer Lomas Anáhuac La Comer Manzanillo La Comer Morelia La Comer Nuevo Vallarta La Comer Olivar La Comer Pozuelos Guanajuato La Comer Puebla La Comer Pueblo Nuevo Qro La Comer San Juan del Río La Comer San Miguel de Allende La Comer Santa María La Ribera La Comer Tlalpan La Comer Torres de Satélite La Comer Tultitlán La Comer Uruapan La Comer Vallarta Fluvial La Comer Valle Dorado La Comer Villa Coapa La Comer Zaragoza Qro La Comer Álamos Parque Qro La Comer Coyoacán Dirección MIGUEL ANGEL DE QUEVEDO 443, ROMERO DE TERREROS, 4310 COYOACAN, MEXICO, CIUDAD DE MÉXICO ¡Deseo comprar aquí! Toggle navigation Departamentos Departamentos Sitios de Información Monedero Naranja En tu casa Plus La Comer Card Recetas Spooky Season Departamentos Sitios de Información Recetas Spooky Season Estas en: La Comer Coyoacán Inicio Aceite Vegetal Aceite Vegetal Golden Hills 800 ml REGRESAR $39.90 M.N. $32.90 M.N. pieza Piezas Agregar PRESENTACIÓN/ENVASE: BOTELLA Promociones: EN OCTUBRE TE BONIFICAMOS EN TODAS TUS COMPRAS EN LAS MARCAS GOLDEN HILLS Y PETS CLUB VIGENCIA DE 01/10/2025 A 31/10/2025 EN OCTUBRE TE BONIFICAMOS EN TODAS TUS COMPRAS EN LAS MARCAS GOLDEN HILLS Y PETS CLUB VIGENCIA DE 01/10/2025 A 31/10/2025 Detalle Descripción del producto Descubre la versatilidad del aceite vegetal Golden Hills. Este aceite de calidad premium es perfecto para cocinar, freír y hornear, aportando un sabor ligero y una textura suave a tus platos favoritos. DESCRIPCIÓN DEL PRODUCTO Aceite vegetal comestible en",,0,,,,unknown,
Saltar menú Cenco,"Saltar menú Cenco Monterrey Café Grano Molido Monterrey 230 g Código: 1652919 Nota 5.0 (2 comentarios ) $5.590 $24.304 x kg Agregar Agregar a tus listas 1/4 Descubre Productos Similares Agregar a Mis listas $5.590 $24.304 x kg Monterrey Café Grano Molido Monterrey Moka 230 g Agregar 4.2 Exclusivo online Agregar a Mis listas 40% dcto. $8.070 $13.450 $32.280 x kg Juan Valdez Café Juan Valdez Colina Molido 250 g Agregar 4.6 Agregar a Mis listas $4.490 $17.960 x kg Cabrales Café Molido Cabrales Torrado Con Azúcar 250 g Agregar Producto sin calificar Características Descripción Ingredientes Condición alimentaria Información nutricional Tipo de Producto Café Grano Molido Envase Paquete País de Origen Chile Te podrían interesar Agregar a Mis listas $1.490 $1.490 x kg Iansa Azúcar Blanca Iansa 1 kg Agregar Agregar a Mis listas $1.110 $1.110 x lt Cuisine & Co Leche Cuisine & Co Entera 1 L Agregar Agregar a Mis listas $8.890 $52.294 x kg Cruzeiro Café Liofilizado Cruzeiro 170 g Agregar Usamos cookies para mejorar tu experiencia en Jumbo. ¿Nos das permiso para guardarlas en tu dispositivo? Configurar cookies Aceptar todas las cookies Centro de preferencia de privacidad Las cookies son una tecnología que nos permite personalizar tu experiencia en Jumbo. Para eso, necesitamos permiso para almacenar, procesar, tratar o disponer datos sobre tu paso por nuestra web. Esta información no te identifica directamente y está protegida siguiendo buenas prácticas de la industria. Gestionar las preferencias de consentimiento Cookies estrictamente necesarias Activas siempre Estas cookies son necesarias para el funcionamiento del sitio web y no se pueden desactivar. Están configuradas para responder a acciones hechas por usted para recibir servicios, tales como ajustar sus preferencias de privacidad, iniciar sesión en el sitio o llenar formularios. Usted puede configurar su navegador para bloquear o alertar la presencia de estas cookies, pero algunas partes del sitio web no funcionarán. Estas",,5590,,,,unknown,
Saltar menú Cenco,"Saltar menú Cenco Exclusivo online Marley Coffee Café Liofilizado Descafeinado Marley Coffee High Tide Marley 100 g Código: 1996662 Nota 5.0 (1 comentarios ) 25% dcto. $6.893 $9.190 $68.930 x kg Agregar Agregar a tus listas 1/4 Descubre Productos Similares Agregar a Mis listas $14.490 $76.263 x kg Cuisine & Co Café Liofilizado Cuisine & Co Descafeinado 190 g Agregar Exclusivo online Agregar a Mis listas 25% dcto. $6.638 $8.850 $66.380 x kg Marley Coffee Café Liofilizado Marley Coffee Wake Up & Live 100 g Agregar Agregar a Mis listas $19.190 $202.000 x kg Juan Valdez Café Liofilizado Juan Valdez Descafeinado 95 g Agregar Características Descripción Ingredientes Condición alimentaria Información nutricional Receta Tipo de Producto Café Descafeinado Liofilizado Intensidad Media Envase Frasco País de Origen Ecuador Almacenamiento Mantener en lugar fresco y seco. Duración 24 meses Te podrían interesar Agregar a Mis listas $1.490 $1.490 x kg Iansa Azúcar Blanca Iansa 1 kg Agregar Oferta Agregar a Mis listas Lleva 2 por $2.300 $1.150 x lt $1.350 $1.350 x lt Lleva 2 por $1.980 $990 x lt Colun Leche Colun Entera 1 L Agregar Agregar a Mis listas $5.690 $15.806 x lt AluSweet Endulzante Alusweet Alulosa 360 ml Agregar Usamos cookies para mejorar tu experiencia en Jumbo. ¿Nos das permiso para guardarlas en tu dispositivo? Configurar cookies Aceptar todas las cookies Centro de preferencia de privacidad Las cookies son una tecnología que nos permite personalizar tu experiencia en Jumbo. Para eso, necesitamos permiso para almacenar, procesar, tratar o disponer datos sobre tu paso por nuestra web. Esta información no te identifica directamente y está protegida siguiendo buenas prácticas de la industria. Gestionar las preferencias de consentimiento Cookies estrictamente necesarias Activas siempre Estas cookies son necesarias para el funcionamiento del sitio web y no se pueden desactivar. Están configuradas para responder a acciones hechas por usted para recibir servicios, tales como ",,6893,,,,unknown,
Saltar menú Cenco,"Saltar menú Cenco Exclusivo online Juan Valdez Café Juan Valdez Volcán Molido 250 g Código: 992999 Nota 4.9 (12 comentarios ) 40% dcto. $8.070 $13.450 $32.280 x kg Agregar Agregar a tus listas 1/3 Descubre Productos Similares Exclusivo online Agregar a Mis listas 40% dcto. $8.070 $13.450 $32.280 x kg Juan Valdez Café en Grano Juan Valdez Volcán 250 g Agregar Exclusivo online Agregar a Mis listas 40% dcto. $8.070 $13.450 $32.280 x kg Juan Valdez Café Juan Valdez Cumbre Molido 250 g Agregar Exclusivo online Agregar a Mis listas 40% dcto. $14.136 $23.560 $41.576 x kg Juan Valdez Café Juan Valdez Cumbre Descafeinado Molido 340 g Agregar Características Descripción Ingredientes Condición alimentaria Tipo de Producto Café Grano Molido Cantidad 1 un. Formato Molido Envase Paquete País de Origen Colombia Sistema Cierre Al vacío Variedad Premium Aroma Suave Contenido 250 g Garantía Mínima Legal Válida hasta su fecha de caducidad Te podrían interesar Exclusivo online Agregar a Mis listas Lleva 4 por $4.600 $1.150 x lt $1.400 $1.400 x lt Soprole Leche Soprole Sin Lactosa Descremada 1 L Agregar Agregar a Mis listas $1.490 $1.490 x kg Iansa Azúcar Blanca Iansa 1 kg Agregar Agregar a Mis listas $1.490 $7.450 x lt Nestlé Crema de Leche Nestlé Caja 200 ml Agregar Usamos cookies para mejorar tu experiencia en Jumbo. ¿Nos das permiso para guardarlas en tu dispositivo? Configurar cookies Aceptar todas las cookies Centro de preferencia de privacidad Las cookies son una tecnología que nos permite personalizar tu experiencia en Jumbo. Para eso, necesitamos permiso para almacenar, procesar, tratar o disponer datos sobre tu paso por nuestra web. Esta información no te identifica directamente y está protegida siguiendo buenas prácticas de la industria. Gestionar las preferencias de consentimiento Cookies estrictamente necesarias Activas siempre Estas cookies son necesarias para el funcionamiento del sitio web y no se pueden desactivar. Están configuradas para responder a acciones hechas por",,8070,,,,unknown,
Saltar menú Cenco,"Saltar menú Cenco Cruzeiro Café Cruzeiro Grano Tostado y Molido Pleno 250 g Código: 1900363 Nota 5.0 (2 comentarios ) $5.950 $23.800 x kg Agregar Agregar a tus listas 1/2 Descubre Productos Similares Agregar a Mis listas $6.350 $25.400 x kg Cruzeiro Café Cruzeiro Grano Tostado y Molido Intenso 250 g Agregar Agregar a Mis listas $5.590 $24.304 x kg Monterrey Café Grano Molido Monterrey 230 g Agregar Agregar a Mis listas $5.590 $24.304 x kg Monterrey Café Grano Molido Monterrey Moka 230 g Agregar Características Descripción Ingredientes Condición alimentaria Información nutricional Tipo de Producto Café Grano Molido Intensidad Media Formato Grano Envase Paquete País de Origen Brasil Tostado Alto Almacenamiento Mantener en lugar fresco y seco Te podrían interesar Agregar a Mis listas $1.490 $1.490 x kg Iansa Azúcar Blanca Iansa 1 kg Agregar Exclusivo online Agregar a Mis listas Lleva 4 por $4.600 $1.150 x lt $1.400 $1.400 x lt Soprole Leche Soprole Sin Lactosa Descremada 1 L Agregar Exclusivo online Agregar a Mis listas Lleva 2 por $1.940 $6.178 x kg $1.350 $8.599 x kg Nestlé Crema de Leche Nestlé Tarro 157 g Agregar Usamos cookies para mejorar tu experiencia en Jumbo. ¿Nos das permiso para guardarlas en tu dispositivo? Configurar cookies Aceptar todas las cookies Centro de preferencia de privacidad Las cookies son una tecnología que nos permite personalizar tu experiencia en Jumbo. Para eso, necesitamos permiso para almacenar, procesar, tratar o disponer datos sobre tu paso por nuestra web. Esta información no te identifica directamente y está protegida siguiendo buenas prácticas de la industria. Gestionar las preferencias de consentimiento Cookies estrictamente necesarias Activas siempre Estas cookies son necesarias para el funcionamiento del sitio web y no se pueden desactivar. Están configuradas para responder a acciones hechas por usted para recibir servicios, tales como ajustar sus preferencias de privacidad, iniciar sesión en el sitio o llenar formularios. Usted",,5950,,,,unknown,
Saltar menú Cenco,"Saltar menú Cenco Frutas y Verduras Propias Papa Granel Código: 261029-KG Nota 5.0 (4 comentarios ) $495 $990 x kg Agregar Agregar a tus listas 1/1 Descubre Productos Similares Agregar a Mis listas $1.990 $995 x kg Frutas y Verduras Propias Papa Malla 2 kg Agregar 4.1 Agregar a Mis listas $5.390 $1.078 x kg Frutas y Verduras Propias Papa Malla 5 kg Agregar 4.1 Agregar a Mis listas $795 $1.590 x kg Frutas y Verduras Propias Cebolla Granel (1 A 2 un. Aprox) Agregar Producto sin calificar Características Descripción Tipo de Producto Papas Grupo Papas y Zapallos Envase Granel Variedad Verdura Contenido A granel Te podrían interesar Agregar a Mis listas $1.690 $563 x un Frutas y Verduras Propias Cebolla Malla 3 un. Agregar 4.3 Agregar a Mis listas $795 $1.590 x kg Frutas y Verduras Propias Plátano Extra Granel (1 A 2 un. Aprox) Agregar 3.6 Agregar a Mis listas $1.596 $15.956 x kg Jumbo Artesanal Jamón Pierna Acaramelado Granel 100 g Agregar 4.7 Usamos cookies para mejorar tu experiencia en Jumbo. ¿Nos das permiso para guardarlas en tu dispositivo? Configurar cookies Aceptar todas las cookies Centro de preferencia de privacidad Las cookies son una tecnología que nos permite personalizar tu experiencia en Jumbo. Para eso, necesitamos permiso para almacenar, procesar, tratar o disponer datos sobre tu paso por nuestra web. Esta información no te identifica directamente y está protegida siguiendo buenas prácticas de la industria. Gestionar las preferencias de consentimiento Cookies estrictamente necesarias Activas siempre Estas cookies son necesarias para el funcionamiento del sitio web y no se pueden desactivar. Están configuradas para responder a acciones hechas por usted para recibir servicios, tales como ajustar sus preferencias de privacidad, iniciar sesión en el sitio o llenar formularios. Usted puede configurar su navegador para bloquear o alertar la presencia de estas cookies, pero algunas partes del sitio web no funcionarán. Estas cookies no guardan ninguna informaci",,495,,,,unknown,
Saltar menú Cenco,"Saltar menú Cenco Huertos del Ranco Papa Baby 1 kg Código: 1599577 Nota 5.0 (3 comentarios ) $2.590 $2.590 x kg Agregar Agregar a tus listas 1/2 Descubre Productos Similares Agregar a Mis listas $3.190 $2.127 x kg Huertos del Ranco Papa Ox Malla 1.5 kg Agregar Agregar a Mis listas $1.690 $2.600 x kg Huertos del Ranco Bolsa de Papas Mixtas 650 g Agregar Agregar a Mis listas $5.390 $1.078 x kg Frutas y Verduras Propias Papa Malla 5 kg Agregar Características Descripción Ingredientes Condición alimentaria Información nutricional Tipo de Producto Papas Grupo Papas y Zapallos Envase Bolsa País de Origen Chile Te podrían interesar Usamos cookies para mejorar tu experiencia en Jumbo. ¿Nos das permiso para guardarlas en tu dispositivo? Configurar cookies Aceptar todas las cookies Centro de preferencia de privacidad Las cookies son una tecnología que nos permite personalizar tu experiencia en Jumbo. Para eso, necesitamos permiso para almacenar, procesar, tratar o disponer datos sobre tu paso por nuestra web. Esta información no te identifica directamente y está protegida siguiendo buenas prácticas de la industria. Gestionar las preferencias de consentimiento Cookies estrictamente necesarias Activas siempre Estas cookies son necesarias para el funcionamiento del sitio web y no se pueden desactivar. Están configuradas para responder a acciones hechas por usted para recibir servicios, tales como ajustar sus preferencias de privacidad, iniciar sesión en el sitio o llenar formularios. Usted puede configurar su navegador para bloquear o alertar la presencia de estas cookies, pero algunas partes del sitio web no funcionarán. Estas cookies no guardan ninguna información personal. Cookies de funcionalidad Cookies de funcionalidad Estas cookies permiten que el sitio web ofrezca una mejor funcionalidad y personalización. Pueden ser establecidas por Cencosud o por terceras partes cuyos servicios se han implementado en nuestro sitio web. Si no permite estas cookies, algunas de las funcio",,2590,,,,unknown,
Saltar menú Cenco,"Saltar menú Cenco Esta página se perdió en nuestros pasillos Parece que esta página ya no está disponible, pero aún hay miles de productos esperándote. Descubre productos de categorías populares: Frutas y verduras Desayunos Exclusivos de Jumbo Te podría interesar Usamos cookies para mejorar tu experiencia en Jumbo. ¿Nos das permiso para guardarlas en tu dispositivo? Configurar cookies Aceptar todas las cookies Centro de preferencia de privacidad Las cookies son una tecnología que nos permite personalizar tu experiencia en Jumbo. Para eso, necesitamos permiso para almacenar, procesar, tratar o disponer datos sobre tu paso por nuestra web. Esta información no te identifica directamente y está protegida siguiendo buenas prácticas de la industria. Gestionar las preferencias de consentimiento Cookies estrictamente necesarias Activas siempre Estas cookies son necesarias para el funcionamiento del sitio web y no se pueden desactivar. Están configuradas para responder a acciones hechas por usted para recibir servicios, tales como ajustar sus preferencias de privacidad, iniciar sesión en el sitio o llenar formularios. Usted puede configurar su navegador para bloquear o alertar la presencia de estas cookies, pero algunas partes del sitio web no funcionarán. Estas cookies no guardan ninguna información personal. Cookies de funcionalidad Cookies de funcionalidad Estas cookies permiten que el sitio web ofrezca una mejor funcionalidad y personalización. Pueden ser establecidas por Cencosud o por terceras partes cuyos servicios se han implementado en nuestro sitio web. Si no permite estas cookies, algunas de las funcionalidades de la página web podrían no operar correctamente. Cookies dirigidas Cookies dirigidas Estas cookies son colocadas por nuestros socios publicitarios para conocer la actividad del usuario y mostrar su publicidad en otros sitios web, se basan en la identificación única de su navegador y dispositivo de acceso a internet. Cookies de rendimiento Cookies de rendim",,,,,,unknown,
Saltar menú Cenco,"Saltar menú Cenco Usamos cookies para mejorar tu experiencia en Jumbo. ¿Nos das permiso para guardarlas en tu dispositivo? Configurar cookies Aceptar todas las cookies Centro de preferencia de privacidad Las cookies son una tecnología que nos permite personalizar tu experiencia en Jumbo. Para eso, necesitamos permiso para almacenar, procesar, tratar o disponer datos sobre tu paso por nuestra web. Esta información no te identifica directamente y está protegida siguiendo buenas prácticas de la industria. Gestionar las preferencias de consentimiento Cookies estrictamente necesarias Activas siempre Estas cookies son necesarias para el funcionamiento del sitio web y no se pueden desactivar. Están configuradas para responder a acciones hechas por usted para recibir servicios, tales como ajustar sus preferencias de privacidad, iniciar sesión en el sitio o llenar formularios. Usted puede configurar su navegador para bloquear o alertar la presencia de estas cookies, pero algunas partes del sitio web no funcionarán. Estas cookies no guardan ninguna información personal. Cookies de funcionalidad Cookies de funcionalidad Estas cookies permiten que el sitio web ofrezca una mejor funcionalidad y personalización. Pueden ser establecidas por Cencosud o por terceras partes cuyos servicios se han implementado en nuestro sitio web. Si no permite estas cookies, algunas de las funcionalidades de la página web podrían no operar correctamente. Cookies dirigidas Cookies dirigidas Estas cookies son colocadas por nuestros socios publicitarios para conocer la actividad del usuario y mostrar su publicidad en otros sitios web, se basan en la identificación única de su navegador y dispositivo de acceso a internet. Cookies de rendimiento Cookies de rendimiento Estas cookies permiten contabilizar las visitas y fuentes de circulación para medir y mejorar el desempeño del sitio web. La información que recogen estas cookies es anónima. Back Button Lista de cookies Search Icon Filter Icon Clear checkb",,,,,,unknown,
Saltar menú Cenco,"Saltar menú Cenco Oferta Ideal Pan Molde Ideal Blanco XL 750 g Código: 2005802 Nota 4.8 (34 comentarios ) $2.390 $2.990 $3.187 x kg Agregar Agregar a tus listas 1/1 Descubre Productos Similares Agregar a Mis listas $1.690 $4.447 x kg Ideal Pan Molde Ideal Blanco 380 g Agregar Producto sin calificar Exclusivo online Agregar a Mis listas Lleva 3 por $6.990 $4.660 x kg $2.990 $5.980 x kg Ideal Pan Molde Ideal Blanco Artesano Masa Madre 550 g Agregar 4.9 Agregar a Mis listas $3.990 $5.700 x kg Ideal Pan Molde Ideal Blanco Sándwich 700 g Agregar 4.9 Características Descripción Ingredientes Condición alimentaria Información nutricional Hecho en Jumbo Tipo de Producto Pan de Molde Blanco Porciones 21 Porciones Formato Envasado Envase Bolsa País de Origen Chile Almacenamiento En un lugar fresco y seco Te podrían interesar Agregar a Mis listas $3.350 $13.400 x kg Colun Mantequilla Colun con Sal 250 g Agregar 4.9 Oferta Agregar a Mis listas $1.076 $1.396 $10.760 x kg La Preferida Jamón Pierna La Preferida Granel Agregar 4.6 Oferta Agregar a Mis listas $996 $1.260 $9.960 x kg Colun Queso Gauda Colun Laminado Granel Agregar 4.8 Usamos cookies para mejorar tu experiencia en Jumbo. ¿Nos das permiso para guardarlas en tu dispositivo? Configurar cookies Aceptar todas las cookies Centro de preferencia de privacidad Las cookies son una tecnología que nos permite personalizar tu experiencia en Jumbo. Para eso, necesitamos permiso para almacenar, procesar, tratar o disponer datos sobre tu paso por nuestra web. Esta información no te identifica directamente y está protegida siguiendo buenas prácticas de la industria. Gestionar las preferencias de consentimiento Cookies estrictamente necesarias Activas siempre Estas cookies son necesarias para el funcionamiento del sitio web y no se pueden desactivar. Están configuradas para responder a acciones hechas por usted para recibir servicios, tales como ajustar sus preferencias de privacidad, iniciar sesión en el sitio o llenar formularios. Ust",,2390,,,,unknown,
Saltar menú Cenco,"Saltar menú Cenco Oferta Fuchs Pan Molde Fuchs Linaza Chia 600 g Código: 2003313 Nota 5.0 (5 comentarios ) $2.490 $2.990 $4.150 x kg Agregar Agregar a tus listas 1/1 Descubre Productos Similares Agregar a Mis listas $2.390 $6.829 x kg Fuchs Pan Molde Fuchs Linaza Chia 350 g Agregar Exclusivo online Agregar a Mis listas 20% dcto. $2.072 $2.590 $3.453 x kg Cuisine & Co Pan de Molde Cuisine & Co Linaza y Chía 600 g Agregar Agregar a Mis listas $2.790 $4.650 x kg Castaño Pan Molde Castaño Linaza 600 g Agregar Características Descripción Ingredientes Condición alimentaria Información nutricional Hecho en Jumbo Tipo de Producto Pan de Molde Integral Elaboración Sustentable Masa Madre Porciones 20 Porciones Formato Envasado Envase Bolsa País de Origen Chile Almacenamiento En un lugar fresco y seco Te podrían interesar Oferta Agregar a Mis listas $1.076 $1.396 $10.760 x kg La Preferida Jamón Pierna La Preferida Granel Agregar Oferta Agregar a Mis listas $996 $1.260 $9.960 x kg Colun Queso Gauda Colun Laminado Granel Agregar Agregar a Mis listas $4.240 $4.988 x kg Kraft Mayonesa Kraft 850 g Agregar Usamos cookies para mejorar tu experiencia en Jumbo. ¿Nos das permiso para guardarlas en tu dispositivo? Configurar cookies Aceptar todas las cookies Centro de preferencia de privacidad Las cookies son una tecnología que nos permite personalizar tu experiencia en Jumbo. Para eso, necesitamos permiso para almacenar, procesar, tratar o disponer datos sobre tu paso por nuestra web. Esta información no te identifica directamente y está protegida siguiendo buenas prácticas de la industria. Gestionar las preferencias de consentimiento Cookies estrictamente necesarias Activas siempre Estas cookies son necesarias para el funcionamiento del sitio web y no se pueden desactivar. Están configuradas para responder a acciones hechas por usted para recibir servicios, tales como ajustar sus preferencias de privacidad, iniciar sesión en el sitio o llenar formularios. Usted puede configurar su nave",,2490,,,,unknown,
0,"0 BUSCAR PRODUCTOS Ingresa 0 $0 M.N Estás en: La Comer Coyoacán La Comer Tecnológico Toluca La Comer Altaria Aguascalientes La Comer Bosque Esmeralda La Comer Bosque Real La Comer CDMX Sur La Comer Cabo San Lucas La Comer Cascada Los Cabos La Comer Coyoacán La Comer Del Valle La Comer Diana Cuernavaca La Comer El Refugio Qro La Comer Estadio Qro La Comer Iguala La Comer Insurgentes La Comer Irapuato La Comer Iztapalapa Las Torres La Comer Juriquilla La Comer Lago Alberto La Comer Las Animas La Comer Lomas Anáhuac La Comer Manzanillo La Comer Morelia La Comer Nuevo Vallarta La Comer Olivar La Comer Pozuelos Guanajuato La Comer Puebla La Comer Pueblo Nuevo Qro La Comer San Juan del Río La Comer San Miguel de Allende La Comer Santa María La Ribera La Comer Tlalpan La Comer Torres de Satélite La Comer Tultitlán La Comer Uruapan La Comer Vallarta Fluvial La Comer Valle Dorado La Comer Villa Coapa La Comer Zaragoza Qro La Comer Álamos Parque Qro La Comer Coyoacán Dirección MIGUEL ANGEL DE QUEVEDO 443, ROMERO DE TERREROS, 4310 COYOACAN, MEXICO, CIUDAD DE MÉXICO ¡Deseo comprar aquí! Toggle navigation Departamentos Departamentos Sitios de Información Monedero Naranja En tu casa Plus La Comer Card Recetas Spooky Season Departamentos Sitios de Información Recetas Spooky Season Estas en: La Comer Coyoacán Inicio Aceite Vegetal Aceite Vegetal Cristal 1 lt REGRESAR $47.50 M.N. pieza Piezas Agregar PRESENTACIÓN/ENVASE: BOTELLA x Promociones Cerrar Más información TAMBIÉN TE PUEDE INTERESAR Aceite vegetal 1.2.3. 1 LT. x $45.00 M.N. x Piezas Piezas Agregar $42.70 M.N. Aceite vegetal 1.2.3. 500 ML. x $29.50 M.N. x Piezas Piezas Agregar $29.50 M.N. Aceite vegetal AVE 850 ML. x $36.90 M.N. $33.90 M.N. x Piezas Piezas Agregar $36.90 M.N. $36.90 M.N. Aceite de canola CANOIL 946 ML. x $39.00 M.N. x Piezas Piezas Agregar $39.00 M.N. Copyright © La Comer. Todos los derechos reservados. Bienvenidas las tarjetas: 24/04/2019 1.0 Al navegar en este sitio aceptas las cookies que utilizamos para ",,0,,,,unknown,
Saltar menú Cenco,"Saltar menú Cenco Castaño Pan Molde Castaño Blanco XL Sin Lactosa 770 g Código: 1932111 Nota 4.9 (29 comentarios ) $2.990 $3.883 x kg Agregar Agregar a tus listas 1/1 Descubre Productos Similares Agregar a Mis listas $2.490 $4.368 x kg Castaño Pan Molde Castaño Blanco Sin Lactosa 570 g Agregar Agregar a Mis listas $1.790 $4.475 x kg Castaño Pan Molde Castaño Blanco 400 g Agregar Agregar a Mis listas $2.990 $3.883 x kg Castaño Pan Molde Castaño Integral XL 770 g Agregar Características Descripción Ingredientes Condición alimentaria Información nutricional Hecho en Jumbo Tipo de Producto Pan de Molde Blanco Envase Bolsa País de Origen Chile Te podrían interesar Agregar a Mis listas $7.490 $14.980 x kg Río Bueno Queso Mantecoso Río Bueno Laminado 500 g Agregar Agregar a Mis listas $1.340 $13.400 x kg Receta del Abuelo Jamón Artesanal Receta del Abuelo Granel Agregar Agregar a Mis listas $995 $1.990 x kg Frutas y Verduras Propias Tomate Larga Vida Granel (1 A 2 un. Aprox) Agregar Usamos cookies para mejorar tu experiencia en Jumbo. ¿Nos das permiso para guardarlas en tu dispositivo? Configurar cookies Aceptar todas las cookies Centro de preferencia de privacidad Las cookies son una tecnología que nos permite personalizar tu experiencia en Jumbo. Para eso, necesitamos permiso para almacenar, procesar, tratar o disponer datos sobre tu paso por nuestra web. Esta información no te identifica directamente y está protegida siguiendo buenas prácticas de la industria. Gestionar las preferencias de consentimiento Cookies estrictamente necesarias Activas siempre Estas cookies son necesarias para el funcionamiento del sitio web y no se pueden desactivar. Están configuradas para responder a acciones hechas por usted para recibir servicios, tales como ajustar sus preferencias de privacidad, iniciar sesión en el sitio o llenar formularios. Usted puede configurar su navegador para bloquear o alertar la presencia de estas cookies, pero algunas partes del sitio web no funcionarán. Estas",,2990,,,,unknown,
Saltar menú Cenco,"Saltar menú Cenco Exclusivo online Cuisine & Co Pan Artesano Cuisine & Co 550 g Código: 2009526 Nota 5.0 (1 comentarios ) 20% dcto. $1.992 $2.490 $3.622 x kg Agregar Agregar a tus listas 1/1 Descubre Productos Similares Exclusivo online Agregar a Mis listas 20% dcto. $2.552 $3.190 $4.400 x kg Cuisine & Co Pan Perfecto Cuisine & Co 580 g Agregar Exclusivo online Agregar a Mis listas 20% dcto. $2.072 $2.590 $3.342 x kg Cuisine & Co Pan de Molde Cuisine & Co Multigrano 620 g Agregar Exclusivo online Agregar a Mis listas 20% dcto. $2.072 $2.590 $3.188 x kg Cuisine & Co Pan de Molde Cuisine & Co Familiar Integral 650 g Agregar Características Descripción Ingredientes Condición alimentaria Información nutricional Tipo de Producto Pan de Molde Blanco Envase Bolsa País de Origen Chile Contenido 550 g Almacenamiento Fresco y seco Garantía Mínima Legal Válida hasta su fecha de caducidad Te podrían interesar Agregar a Mis listas $3.590 $17.950 x kg Quillayes Queso Mozzarella Quillayes Envasado Granulado 200 g Agregar Agregar a Mis listas $3.350 $13.400 x kg Colun Mantequilla Colun con Sal 250 g Agregar Exclusivo online Agregar a Mis listas Lleva 2 por $3.390 $3.390 x kg $1.990 $3.980 x kg Minuto Verde Choclo Congelado Minuto Verde 100% Natural 500 g Agregar Usamos cookies para mejorar tu experiencia en Jumbo. ¿Nos das permiso para guardarlas en tu dispositivo? Configurar cookies Aceptar todas las cookies Centro de preferencia de privacidad Las cookies son una tecnología que nos permite personalizar tu experiencia en Jumbo. Para eso, necesitamos permiso para almacenar, procesar, tratar o disponer datos sobre tu paso por nuestra web. Esta información no te identifica directamente y está protegida siguiendo buenas prácticas de la industria. Gestionar las preferencias de consentimiento Cookies estrictamente necesarias Activas siempre Estas cookies son necesarias para el funcionamiento del sitio web y no se pueden desactivar. Están configuradas para responder a acciones hechas por ",,1992,,,,unknown,
Saltar menú Cenco,"Saltar menú Cenco Exclusivo online Coca-Cola Bebida Coca-Cola Original 1.5 L Código: 263216 Nota 4.5 (15 comentarios ) Lleva 6 por $8.750 $972 x lt $2.090 $1.393 x lt Agregar Agregar a tus listas 1/1 Descubre Productos Similares Agregar a Mis listas $3.390 $1.130 x lt Coca-Cola Bebida Coca-Cola Original 3 L Agregar Exclusivo online Agregar a Mis listas Lleva 6 por $8.750 $972 x lt $2.090 $1.393 x lt Coca-Cola Bebida Coca-Cola Light 1.5 L Agregar Oferta Agregar a Mis listas Lleva 2 por $1.990 $1.684 x lt $1.290 $2.183 x lt Coca-Cola Bebida Coca-Cola Original 591 ml Agregar Características Descripción Ingredientes Condición alimentaria Información nutricional Tipo de Producto Bebidas Gaseosas Cantidad 1 un. Envase Botella plástico desechable (bebidas) Gasificado Sí País de Origen Chile Sabor Cola Variedad Original Tamaño Familiar Contenido Entre 1 y 2 lt Garantía Mínima Legal Válida hasta su fecha de caducidad Te podrían interesar Agregar a Mis listas $1.450 $725 x kg Fiesta Hielo Fiesta 2 kg Agregar Agregar a Mis listas $2.320 $17.846 x kg Kryzpo Papas Fritas Kryzpo Original 130 g Agregar Exclusivo online Agregar a Mis listas 30% dcto. $1.981 $2.830 $4.916 x kg Evercrisp Evercrisp Maní Salado 380 g Agregar Usamos cookies para mejorar tu experiencia en Jumbo. ¿Nos das permiso para guardarlas en tu dispositivo? Configurar cookies Aceptar todas las cookies Centro de preferencia de privacidad Las cookies son una tecnología que nos permite personalizar tu experiencia en Jumbo. Para eso, necesitamos permiso para almacenar, procesar, tratar o disponer datos sobre tu paso por nuestra web. Esta información no te identifica directamente y está protegida siguiendo buenas prácticas de la industria. Gestionar las preferencias de consentimiento Cookies estrictamente necesarias Activas siempre Estas cookies son necesarias para el funcionamiento del sitio web y no se pueden desactivar. Están configuradas para responder a acciones hechas por usted para recibir servicios, tales como a",,8750,,,,unknown,
Saltar menú Cenco,"Saltar menú Cenco Exclusivo online Pepsi Bebida Pepsi 1.5 L Código: 263369 Nota Calificar producto Lleva 3 por $3.990 $887 x lt $2.050 $1.367 x lt Agregar Agregar a tus listas 1/1 Descubre Productos Similares Agregar a Mis listas $3.250 $1.083 x lt Pepsi Bebida Pepsi 3 L Agregar Exclusivo online Agregar a Mis listas Lleva 3 por $3.990 $887 x lt $2.050 $1.367 x lt Pap Bebida Pap 1.5 L Agregar Agregar a Mis listas $1.350 $2.250 x lt Pepsi Bebida Pepsi 600 ml Agregar Características Descripción Ingredientes Condición alimentaria Información nutricional Tipo de Producto Bebidas Gaseosas Cantidad 1 un. Envase Botella plástico desechable (bebidas) Gasificado Sí País de Origen Chile Sabor Cola Contenido Entre 1 y 2 lt Garantía Mínima Legal Válida hasta su fecha de caducidad Te podrían interesar Agregar a Mis listas $2.320 $17.846 x kg Kryzpo Papas Fritas Kryzpo Original 130 g Agregar Oferta Agregar a Mis listas 25% dcto. $8.363 $11.150 $8.363 x kg La Crianza Hamburguesa de Vacuno La Crianza 1 kg 10 un. Agregar Exclusivo online Agregar a Mis listas $2.890 $4.090 $2.408 x kg Pomarola Salsa de Tomate Pomarola 200 g 6 un. Agregar Usamos cookies para mejorar tu experiencia en Jumbo. ¿Nos das permiso para guardarlas en tu dispositivo? Configurar cookies Aceptar todas las cookies Centro de preferencia de privacidad Las cookies son una tecnología que nos permite personalizar tu experiencia en Jumbo. Para eso, necesitamos permiso para almacenar, procesar, tratar o disponer datos sobre tu paso por nuestra web. Esta información no te identifica directamente y está protegida siguiendo buenas prácticas de la industria. Gestionar las preferencias de consentimiento Cookies estrictamente necesarias Activas siempre Estas cookies son necesarias para el funcionamiento del sitio web y no se pueden desactivar. Están configuradas para responder a acciones hechas por usted para recibir servicios, tales como ajustar sus preferencias de privacidad, iniciar sesión en el sitio o llenar formularios. ",,3990,,,,unknown,
Saltar menú Cenco,"Saltar menú Cenco Exclusivo online Canada Dry Bebida Canada Dry Ginger Ale 1.5 L Código: 263282 Nota 5.0 (1 comentarios ) Lleva 3 por $3.990 $887 x lt $2.050 $1.367 x lt Agregar Agregar a tus listas 1/1 Descubre Productos Similares Agregar a Mis listas $2.290 $2.290 x lt Canada Dry Bebida Canada Dry Ginger Ale 1.75 L Agregar Producto sin calificar Oferta Agregar a Mis listas $2.450 $3.190 $817 x lt Canada Dry Bebida Canada Dry Ginger Ale 3 L Agregar Producto sin calificar Exclusivo online Agregar a Mis listas Lleva 3 por $3.990 $887 x lt $2.050 $1.367 x lt Canada Dry Bebida Canada Dry Ginger Ale Light 1.5 L Agregar 5.0 Características Descripción Ingredientes Condición alimentaria Información nutricional Tipo de Producto Bebidas Gaseosas Cantidad 1 un. Envase Botella plástico desechable (bebidas) Gasificado Sí País de Origen Chile Sabor Ginger Ale Contenido Entre 1 y 2 lt Garantía Mínima Legal Válida hasta su fecha de caducidad Te podrían interesar Agregar a Mis listas $2.320 $17.846 x kg Kryzpo Papas Fritas Kryzpo Original 130 g Agregar 5.0 Exclusivo online Agregar a Mis listas $2.890 $4.090 $2.408 x kg Pomarola Salsa de Tomate Pomarola 200 g 6 un. Agregar 5.0 Oferta Agregar a Mis listas 25% dcto. $8.363 $11.150 $8.363 x kg La Crianza Hamburguesa de Vacuno La Crianza 1 kg 10 un. Agregar 3.8 Usamos cookies para mejorar tu experiencia en Jumbo. ¿Nos das permiso para guardarlas en tu dispositivo? Configurar cookies Aceptar todas las cookies Centro de preferencia de privacidad Las cookies son una tecnología que nos permite personalizar tu experiencia en Jumbo. Para eso, necesitamos permiso para almacenar, procesar, tratar o disponer datos sobre tu paso por nuestra web. Esta información no te identifica directamente y está protegida siguiendo buenas prácticas de la industria. Gestionar las preferencias de consentimiento Cookies estrictamente necesarias Activas siempre Estas cookies son necesarias para el funcionamiento del sitio web y no se pueden desactivar. Están conf",,3990,,,,unknown,
Saltar menú Cenco,"Saltar menú Cenco Exclusivo online Kem Bebida Kem 1.5 L Código: 263312 Nota 5.0 (1 comentarios ) Lleva 3 por $3.990 $887 x lt $2.050 $1.367 x lt Agregar Agregar a tus listas 1/1 Descubre Productos Similares Exclusivo online Agregar a Mis listas Lleva 3 por $3.990 $887 x lt $2.050 $1.367 x lt Kem Zero Bebida Kem Zero 1.5 L Agregar Producto sin calificar Oferta Agregar a Mis listas $2.450 $3.190 $817 x lt Kem Bebida Kem 3 L Agregar 5.0 Agregar a Mis listas $2.290 $1.309 x lt Kem Bebida Kem 1.75 L Agregar 5.0 Características Descripción Ingredientes Condición alimentaria Información nutricional Tipo de Producto Bebidas Gaseosas Cantidad 1 un. Envase Botella plástico desechable (bebidas) Gasificado Sí País de Origen Chile Sabor Piña Contenido Entre 1 y 2 lt Garantía Mínima Legal Válida hasta su fecha de caducidad Te podrían interesar Agregar a Mis listas $6.290 $17.971 x kg Soprole Mantequilla Soprole Untable Pote 350 g Agregar 3.0 Oferta Agregar a Mis listas $2.890 $3.550 $7.225 x kg Paga $2.690 $6.725 x kg Quillayes Queso Chacra Quillayes Envasado Trozo 400 g Agregar 4.8 Agregar a Mis listas $2.290 $18.320 x kg Receta del Abuelo Jamón Pierna Artesanal Receta del Abuelo Corte Pluma 125 g Agregar 4.0 Usamos cookies para mejorar tu experiencia en Jumbo. ¿Nos das permiso para guardarlas en tu dispositivo? Configurar cookies Aceptar todas las cookies Centro de preferencia de privacidad Las cookies son una tecnología que nos permite personalizar tu experiencia en Jumbo. Para eso, necesitamos permiso para almacenar, procesar, tratar o disponer datos sobre tu paso por nuestra web. Esta información no te identifica directamente y está protegida siguiendo buenas prácticas de la industria. Gestionar las preferencias de consentimiento Cookies estrictamente necesarias Activas siempre Estas cookies son necesarias para el funcionamiento del sitio web y no se pueden desactivar. Están configuradas para responder a acciones hechas por usted para recibir servicios, tales como ajustar su",,3990,,,,unknown,
Saltar menú Cenco,"Saltar menú Cenco Agotado Crush Bebida Crush 1.5 L Código: 263345 Nota 0.0 Calificar producto Similares Agregar a tus listas Similares Agregar a tus listas 1/1 Descubre Productos Similares Exclusivo online Agregar a Mis listas Lleva 3 por $3.990 $887 x lt $2.050 $1.367 x lt Crush Bebida Crush Zero 1.5 L Agregar Exclusivo online Agregar a Mis listas Lleva 3 por $3.990 $887 x lt $2.050 $1.367 x lt Bilz Bebida Bilz 1.5 L Agregar Exclusivo online Agregar a Mis listas Lleva 3 por $3.990 $887 x lt $2.050 $1.367 x lt Pap Bebida Pap 1.5 L Agregar Características Descripción Ingredientes Condición alimentaria Información nutricional Tipo de Producto Bebidas Gaseosas Cantidad 1 un. Envase Botella plástico desechable (bebidas) Gasificado Sí País de Origen Chile Sabor Naranja Contenido Entre 1 y 2 lt Te podrían interesar Usamos cookies para mejorar tu experiencia en Jumbo. ¿Nos das permiso para guardarlas en tu dispositivo? Configurar cookies Aceptar todas las cookies Centro de preferencia de privacidad Las cookies son una tecnología que nos permite personalizar tu experiencia en Jumbo. Para eso, necesitamos permiso para almacenar, procesar, tratar o disponer datos sobre tu paso por nuestra web. Esta información no te identifica directamente y está protegida siguiendo buenas prácticas de la industria. Gestionar las preferencias de consentimiento Cookies estrictamente necesarias Activas siempre Estas cookies son necesarias para el funcionamiento del sitio web y no se pueden desactivar. Están configuradas para responder a acciones hechas por usted para recibir servicios, tales como ajustar sus preferencias de privacidad, iniciar sesión en el sitio o llenar formularios. Usted puede configurar su navegador para bloquear o alertar la presencia de estas cookies, pero algunas partes del sitio web no funcionarán. Estas cookies no guardan ninguna información personal. Cookies de funcionalidad Cookies de funcionalidad Estas cookies permiten que el sitio web ofrezca una mejor funcionalida",,3990,,,,unknown,
Saltar menú Cenco,"Saltar menú Cenco Frutas y Verduras Propias Tomate Larga Vida Granel (1 A 2 un. Aprox) Código: 261275-KG Nota 3.6 (115 comentarios ) $995 $1.990 x kg Agregar Agregar a tus listas 1/1 Descubre Productos Similares Agregar a Mis listas $1.275 $2.550 x kg Frutas y Verduras Propias Tomate Beef Granel Agregar Agregar a Mis listas $1.300 $6.500 x kg Frutas y Verduras Propias Tomate Cóctel Variedades Granel Agregar Agregar a Mis listas $495 $990 x kg Frutas y Verduras Propias Papa Granel Agregar Características Descripción Tipo de Producto Tomate Larga Vida Grupo Tomates Te podrían interesar Agregar a Mis listas $795 $1.590 x kg Frutas y Verduras Propias Plátano Extra Granel (1 A 2 un. Aprox) Agregar Agregar a Mis listas $1.145 $2.290 x kg Panadería Propia Pan Marraqueta Grande Granel Agregar Agregar a Mis listas $1.690 $563 x un Frutas y Verduras Propias Cebolla Malla 3 un. Agregar Usamos cookies para mejorar tu experiencia en Jumbo. ¿Nos das permiso para guardarlas en tu dispositivo? Configurar cookies Aceptar todas las cookies Centro de preferencia de privacidad Las cookies son una tecnología que nos permite personalizar tu experiencia en Jumbo. Para eso, necesitamos permiso para almacenar, procesar, tratar o disponer datos sobre tu paso por nuestra web. Esta información no te identifica directamente y está protegida siguiendo buenas prácticas de la industria. Gestionar las preferencias de consentimiento Cookies estrictamente necesarias Activas siempre Estas cookies son necesarias para el funcionamiento del sitio web y no se pueden desactivar. Están configuradas para responder a acciones hechas por usted para recibir servicios, tales como ajustar sus preferencias de privacidad, iniciar sesión en el sitio o llenar formularios. Usted puede configurar su navegador para bloquear o alertar la presencia de estas cookies, pero algunas partes del sitio web no funcionarán. Estas cookies no guardan ninguna información personal. Cookies de funcionalidad Cookies de funcionalidad Est",,995,,,,unknown,
Saltar menú Cenco,"Saltar menú Cenco Esta página se perdió en nuestros pasillos Parece que esta página ya no está disponible, pero aún hay miles de productos esperándote. Descubre productos de categorías populares: Frutas y verduras Desayunos Exclusivos de Jumbo Usamos cookies para mejorar tu experiencia en Jumbo. ¿Nos das permiso para guardarlas en tu dispositivo? Configurar cookies Aceptar todas las cookies Centro de preferencia de privacidad Las cookies son una tecnología que nos permite personalizar tu experiencia en Jumbo. Para eso, necesitamos permiso para almacenar, procesar, tratar o disponer datos sobre tu paso por nuestra web. Esta información no te identifica directamente y está protegida siguiendo buenas prácticas de la industria. Gestionar las preferencias de consentimiento Cookies estrictamente necesarias Activas siempre Estas cookies son necesarias para el funcionamiento del sitio web y no se pueden desactivar. Están configuradas para responder a acciones hechas por usted para recibir servicios, tales como ajustar sus preferencias de privacidad, iniciar sesión en el sitio o llenar formularios. Usted puede configurar su navegador para bloquear o alertar la presencia de estas cookies, pero algunas partes del sitio web no funcionarán. Estas cookies no guardan ninguna información personal. Cookies de funcionalidad Cookies de funcionalidad Estas cookies permiten que el sitio web ofrezca una mejor funcionalidad y personalización. Pueden ser establecidas por Cencosud o por terceras partes cuyos servicios se han implementado en nuestro sitio web. Si no permite estas cookies, algunas de las funcionalidades de la página web podrían no operar correctamente. Cookies dirigidas Cookies dirigidas Estas cookies son colocadas por nuestros socios publicitarios para conocer la actividad del usuario y mostrar su publicidad en otros sitios web, se basan en la identificación única de su navegador y dispositivo de acceso a internet. Cookies de rendimiento Cookies de rendimiento Estas cookies ",,,,,,unknown,
Saltar menú Cenco,"Saltar menú Cenco Cintazul Huevos Cintazul Grandes Blancos 12 un. Código: 302674 Nota 4.6 (5 comentarios ) $4.190 $349 x un Agregar Agregar a tus listas 1/2 Descubre Productos Similares Agregar a Mis listas $10.100 $337 x un Cintazul Huevos Cintazul Grandes Blancos 30 un. Agregar Agregar a Mis listas $4.290 $358 x un Cintazul Huevos Cintazul Extra Blancos 12 un. Agregar Agregar a Mis listas $4.370 $364 x un Cintazul Huevos Cintazul Super Extra Blancos 12 un. Agregar Características Descripción Ingredientes Condición alimentaria Información nutricional Tipo de Producto Huevo de Gallina Color Blanco Cantidad 12 unidades Envase Bandeja País de Origen Chile Tamaño del Huevo Grande Nota [[""""]] Te podrían interesar Agregar a Mis listas $580 $580 x kg Lobos Sal Lobos Fina 1 kg Agregar Exclusivo online Agregar a Mis listas Lleva 2 por $1.000 $500 x un $790 $790 x un Frutas y Verduras Propias Pepino Ensalada 1 un. Agregar Agregar a Mis listas $530 $530 x un Cuisine & Co Pimienta Negra Entera 15 g Agregar Usamos cookies para mejorar tu experiencia en Jumbo. ¿Nos das permiso para guardarlas en tu dispositivo? Configurar cookies Aceptar todas las cookies Centro de preferencia de privacidad Las cookies son una tecnología que nos permite personalizar tu experiencia en Jumbo. Para eso, necesitamos permiso para almacenar, procesar, tratar o disponer datos sobre tu paso por nuestra web. Esta información no te identifica directamente y está protegida siguiendo buenas prácticas de la industria. Gestionar las preferencias de consentimiento Cookies estrictamente necesarias Activas siempre Estas cookies son necesarias para el funcionamiento del sitio web y no se pueden desactivar. Están configuradas para responder a acciones hechas por usted para recibir servicios, tales como ajustar sus preferencias de privacidad, iniciar sesión en el sitio o llenar formularios. Usted puede configurar su navegador para bloquear o alertar la presencia de estas cookies, pero algunas partes del sitio web n",,4190,,,,unknown,
0,"0 BUSCAR PRODUCTOS Ingresa 0 $0 M.N Estás en: La Comer Coyoacán La Comer Tecnológico Toluca La Comer Altaria Aguascalientes La Comer Bosque Esmeralda La Comer Bosque Real La Comer CDMX Sur La Comer Cabo San Lucas La Comer Cascada Los Cabos La Comer Coyoacán La Comer Del Valle La Comer Diana Cuernavaca La Comer El Refugio Qro La Comer Estadio Qro La Comer Iguala La Comer Insurgentes La Comer Irapuato La Comer Iztapalapa Las Torres La Comer Juriquilla La Comer Lago Alberto La Comer Las Animas La Comer Lomas Anáhuac La Comer Manzanillo La Comer Morelia La Comer Nuevo Vallarta La Comer Olivar La Comer Pozuelos Guanajuato La Comer Puebla La Comer Pueblo Nuevo Qro La Comer San Juan del Río La Comer San Miguel de Allende La Comer Santa María La Ribera La Comer Tlalpan La Comer Torres de Satélite La Comer Tultitlán La Comer Uruapan La Comer Vallarta Fluvial La Comer Valle Dorado La Comer Villa Coapa La Comer Zaragoza Qro La Comer Álamos Parque Qro La Comer Coyoacán Dirección MIGUEL ANGEL DE QUEVEDO 443, ROMERO DE TERREROS, 4310 COYOACAN, MEXICO, CIUDAD DE MÉXICO ¡Deseo comprar aquí! Toggle navigation Departamentos Departamentos Sitios de Información Monedero Naranja En tu casa Plus La Comer Card Recetas Spooky Season Departamentos Sitios de Información Recetas Spooky Season Estas en: La Comer Coyoacán Inicio Leche Uht Entera Leche Uht Entera Lala Organica 960 ml REGRESAR $42.00 M.N. pieza Piezas Agregar PRESENTACIÓN/ENVASE: TETRA BRIK Ingredientes Declaración Nutrimental LECHE ORGÁNICA ENTERA DE VACA, ¿G EQUIVALENTES DE RETINOL, VITAMINA D Tamaño de porción: 100.00 ml Contenido energético 58.00 kcal Proteínas 3.00 g Grasas totales (Lípidos) 3.00 g Grasas saturadas 1.90 g Grasas trans 0.00 mg Hidratos de Carbono Disponibles 4.80 g Azúcares 4.80 g Azúcares Añadidos 0.00 g Fibra Dietética 0.00 g Sodio 46.00 mg Calcio 116.00 mg Vitamina A 66.40 µg Vitamina D 0.50 µg x Promociones Cerrar Más información TAMBIÉN TE PUEDE INTERESAR Leche uht entera BOVE ORGANICA 960 ML. x $44.30 M",,0,,,,unknown,
Saltar menú Cenco,"Saltar menú Cenco Cuisine & Co Huevos Cuisine & Co Grandes Blancos 12 un. Código: 1863083 Nota 4.5 (10 comentarios ) $3.890 $324 x un Agregar Agregar a tus listas 1/1 Descubre Productos Similares Agregar a Mis listas $6.890 $345 x un Cuisine & Co Huevos Cuisine & Co Extra Grandes Blanco 20 un. Agregar Agregar a Mis listas $3.990 $333 x un Cuisine & Co Huevos Cuisine & Co Grandes Color 12 un. Agregar Agregar a Mis listas $4.190 $349 x un Cintazul Huevos Cintazul Grandes Blancos 12 un. Agregar Características Descripción Ingredientes Condición alimentaria Información nutricional Tipo de Producto Huevo de Gallina Envase Bandeja País de Origen Chile Garantía Mínima Legal Válida hasta su fecha de caducidad Te podrían interesar Agregar a Mis listas $1.110 $1.110 x lt Cuisine & Co Leche Cuisine & Co Entera 1 L Agregar Agregar a Mis listas $6.290 $17.971 x kg Soprole Mantequilla Soprole Untable Pote 350 g Agregar Agregar a Mis listas $5.790 $11.580 x kg Cuisine & Co Queso Gauda Cuisine & Co Envasado Laminado 500 g Agregar Usamos cookies para mejorar tu experiencia en Jumbo. ¿Nos das permiso para guardarlas en tu dispositivo? Configurar cookies Aceptar todas las cookies Centro de preferencia de privacidad Las cookies son una tecnología que nos permite personalizar tu experiencia en Jumbo. Para eso, necesitamos permiso para almacenar, procesar, tratar o disponer datos sobre tu paso por nuestra web. Esta información no te identifica directamente y está protegida siguiendo buenas prácticas de la industria. Gestionar las preferencias de consentimiento Cookies estrictamente necesarias Activas siempre Estas cookies son necesarias para el funcionamiento del sitio web y no se pueden desactivar. Están configuradas para responder a acciones hechas por usted para recibir servicios, tales como ajustar sus preferencias de privacidad, iniciar sesión en el sitio o llenar formularios. Usted puede configurar su navegador para bloquear o alertar la presencia de estas cookies, pero algunas par",,3890,,,,unknown,
Saltar menú Cenco,"Saltar menú Cenco Santa Marta Huevos Santa Marta Extra Color 12 un. Código: 302680 Nota 4.7 (3 comentarios ) $4.450 $371 x un Agregar Agregar a tus listas 1/3 Descubre Productos Similares Agregar a Mis listas $5.580 $372 x un Santa Marta Huevos Santa Marta Extra Color 15 un. Agregar Agregar a Mis listas $4.170 $348 x un Santa Marta Huevos Santa Marta Grandes Color 12 un. Agregar Agregar a Mis listas $4.390 $366 x un Santa Marta Huevos Extra Blancos Santa Marta 12 un. Agregar Características Descripción Ingredientes Condición alimentaria Información nutricional Tipo de Producto Huevo de Gallina Envase Bandeja País de Origen Chile Garantía Mínima Legal Válida hasta su fecha de caducidad Te podrían interesar Exclusivo online Agregar a Mis listas 20% dcto. $2.392 $2.990 $3.067 x kg Paga $2.093 $2.683 x kg Jumbo Artesanal Pan Molde Proteína Clean Label 780 g Agregar Agregar a Mis listas $1.110 $1.110 x lt Cuisine & Co Leche Cuisine & Co Entera 1 L Agregar Agregar a Mis listas $6.290 $17.971 x kg Soprole Mantequilla Soprole Untable Pote 350 g Agregar Usamos cookies para mejorar tu experiencia en Jumbo. ¿Nos das permiso para guardarlas en tu dispositivo? Configurar cookies Aceptar todas las cookies Centro de preferencia de privacidad Las cookies son una tecnología que nos permite personalizar tu experiencia en Jumbo. Para eso, necesitamos permiso para almacenar, procesar, tratar o disponer datos sobre tu paso por nuestra web. Esta información no te identifica directamente y está protegida siguiendo buenas prácticas de la industria. Gestionar las preferencias de consentimiento Cookies estrictamente necesarias Activas siempre Estas cookies son necesarias para el funcionamiento del sitio web y no se pueden desactivar. Están configuradas para responder a acciones hechas por usted para recibir servicios, tales como ajustar sus preferencias de privacidad, iniciar sesión en el sitio o llenar formularios. Usted puede configurar su navegador para bloquear o alertar la presencia de ",,4450,,,,unknown,
Saltar menú Cenco,"Saltar menú Cenco Coliumo Huevos Coliumo Premium Grandes Color 12 un. Código: 1842648 Nota 5.0 (1 comentarios ) $3.990 $333 x un Agregar Agregar a tus listas 1/1 Descubre Productos Similares Agregar a Mis listas $4.130 $344 x un Coliumo Huevos Coliumo Premium Grandes Blancos 12 un. Agregar Producto sin calificar Agregar a Mis listas $6.390 $355 x un Coliumo Huevos Coliumo Extra Color 18 un. Agregar Producto sin calificar Agregar a Mis listas $3.990 $333 x un Cuisine & Co Huevos Cuisine & Co Grandes Color 12 un. Agregar 4.7 Características Descripción Ingredientes Condición alimentaria Información nutricional Tipo de Producto Huevo de Gallina Número de Personas 6 o + Personas Envase Bandeja País de Origen Chile Tamaño del Huevo Grande Tamaño Familiar Almacenamiento Mantener en lugar fresco y seco Usamos cookies para mejorar tu experiencia en Jumbo. ¿Nos das permiso para guardarlas en tu dispositivo? Configurar cookies Aceptar todas las cookies Centro de preferencia de privacidad Las cookies son una tecnología que nos permite personalizar tu experiencia en Jumbo. Para eso, necesitamos permiso para almacenar, procesar, tratar o disponer datos sobre tu paso por nuestra web. Esta información no te identifica directamente y está protegida siguiendo buenas prácticas de la industria. Gestionar las preferencias de consentimiento Cookies estrictamente necesarias Activas siempre Estas cookies son necesarias para el funcionamiento del sitio web y no se pueden desactivar. Están configuradas para responder a acciones hechas por usted para recibir servicios, tales como ajustar sus preferencias de privacidad, iniciar sesión en el sitio o llenar formularios. Usted puede configurar su navegador para bloquear o alertar la presencia de estas cookies, pero algunas partes del sitio web no funcionarán. Estas cookies no guardan ninguna información personal. Cookies de funcionalidad Cookies de funcionalidad Estas cookies permiten que el sitio web ofrezca una mejor funcionalidad y personaliz",,3990,,,,unknown,
Saltar menú Cenco,"Saltar menú Cenco Ecoterra Huevos Ecoterra Gallinas Libres Grandes 12 un. Código: 1664028 Nota 0.0 Calificar producto $5.890 $491 x un Agregar Agregar a tus listas 1/1 Descubre Productos Similares Características Descripción Ingredientes Condición alimentaria Información nutricional Tipo de Producto Huevo de Gallina Libre/Feliz Envase Bandeja País de Origen Chile Te podrían interesar Usamos cookies para mejorar tu experiencia en Jumbo. ¿Nos das permiso para guardarlas en tu dispositivo? Configurar cookies Aceptar todas las cookies Centro de preferencia de privacidad Las cookies son una tecnología que nos permite personalizar tu experiencia en Jumbo. Para eso, necesitamos permiso para almacenar, procesar, tratar o disponer datos sobre tu paso por nuestra web. Esta información no te identifica directamente y está protegida siguiendo buenas prácticas de la industria. Gestionar las preferencias de consentimiento Cookies estrictamente necesarias Activas siempre Estas cookies son necesarias para el funcionamiento del sitio web y no se pueden desactivar. Están configuradas para responder a acciones hechas por usted para recibir servicios, tales como ajustar sus preferencias de privacidad, iniciar sesión en el sitio o llenar formularios. Usted puede configurar su navegador para bloquear o alertar la presencia de estas cookies, pero algunas partes del sitio web no funcionarán. Estas cookies no guardan ninguna información personal. Cookies de funcionalidad Cookies de funcionalidad Estas cookies permiten que el sitio web ofrezca una mejor funcionalidad y personalización. Pueden ser establecidas por Cencosud o por terceras partes cuyos servicios se han implementado en nuestro sitio web. Si no permite estas cookies, algunas de las funcionalidades de la página web podrían no operar correctamente. Cookies dirigidas Cookies dirigidas Estas cookies son colocadas por nuestros socios publicitarios para conocer la actividad del usuario y mostrar su publicidad en otros sitios web, se ba",,5890,,,,unknown,
Saltar menú Cenco,"Saltar menú Cenco Ariztía Pollo Entero Ariztía kg Código: 260373-KG Nota 4.3 (6 comentarios ) $8.780 $4.390 x kg Agregar Agregar a tus listas 1/1 Descubre Productos Similares Agregar a Mis listas $2.190 $4.563 x kg Ariztía Contre de Pollo Ariztía 480 g Agregar 4.5 Agregar a Mis listas $2.390 $4.780 x kg Ariztía Corazón de Pollo Ariztía 500 g Agregar 5.0 Agregar a Mis listas $5.990 $5.990 x kg Ariztía Trutro Largo de Pollo Ariztía Canto del Gallo kg Agregar 5.0 Características Descripción Tipo de Producto Pollo Te podrían interesar Agregar a Mis listas $2.320 $17.846 x kg Kryzpo Papas Fritas Kryzpo Original 130 g Agregar 5.0 Agregar a Mis listas $1.390 $1.390 x un Frutas y Verduras Propias Lechuga Escarola 1 un. Agregar 3.4 Exclusivo online Agregar a Mis listas $2.890 $4.090 $2.408 x kg Pomarola Salsa de Tomate Pomarola 200 g 6 un. Agregar 5.0 Usamos cookies para mejorar tu experiencia en Jumbo. ¿Nos das permiso para guardarlas en tu dispositivo? Configurar cookies Aceptar todas las cookies Centro de preferencia de privacidad Las cookies son una tecnología que nos permite personalizar tu experiencia en Jumbo. Para eso, necesitamos permiso para almacenar, procesar, tratar o disponer datos sobre tu paso por nuestra web. Esta información no te identifica directamente y está protegida siguiendo buenas prácticas de la industria. Gestionar las preferencias de consentimiento Cookies estrictamente necesarias Activas siempre Estas cookies son necesarias para el funcionamiento del sitio web y no se pueden desactivar. Están configuradas para responder a acciones hechas por usted para recibir servicios, tales como ajustar sus preferencias de privacidad, iniciar sesión en el sitio o llenar formularios. Usted puede configurar su navegador para bloquear o alertar la presencia de estas cookies, pero algunas partes del sitio web no funcionarán. Estas cookies no guardan ninguna información personal. Cookies de funcionalidad Cookies de funcionalidad Estas cookies permiten que el sitio ",,8780,,,,unknown,
Saltar menú Cenco,"Saltar menú Cenco Agotado Super Pollo Pollo Entero con Menudencias 2.3 kg Aprox Código: 260384-KG Nota 4.9 (8 comentarios ) Similares Agregar a tus listas Similares Agregar a tus listas 1/2 Descubre Productos Similares Agregar a Mis listas $8.780 $4.390 x kg Ariztía Pollo Entero Ariztía kg Agregar 4.3 Agregar a Mis listas $2.090 $3.483 x kg Super Pollo Pana de Pollo 600 g Agregar 4.6 Exclusivo online Agregar a Mis listas $4.491 $5.841 $4.990 x kg Super Pollo Pechuga Pollo Entera kg Agregar 4.5 Características Descripción Tipo de Producto Pollo Uso Recomendado Horno Envase Bolsa Variedad Pollo Entero Marinado Sí Contenido A granel Almacenamiento Mantener almacenado entre -2C y 2C Te podrían interesar Usamos cookies para mejorar tu experiencia en Jumbo. ¿Nos das permiso para guardarlas en tu dispositivo? Configurar cookies Aceptar todas las cookies Centro de preferencia de privacidad Las cookies son una tecnología que nos permite personalizar tu experiencia en Jumbo. Para eso, necesitamos permiso para almacenar, procesar, tratar o disponer datos sobre tu paso por nuestra web. Esta información no te identifica directamente y está protegida siguiendo buenas prácticas de la industria. Gestionar las preferencias de consentimiento Cookies estrictamente necesarias Activas siempre Estas cookies son necesarias para el funcionamiento del sitio web y no se pueden desactivar. Están configuradas para responder a acciones hechas por usted para recibir servicios, tales como ajustar sus preferencias de privacidad, iniciar sesión en el sitio o llenar formularios. Usted puede configurar su navegador para bloquear o alertar la presencia de estas cookies, pero algunas partes del sitio web no funcionarán. Estas cookies no guardan ninguna información personal. Cookies de funcionalidad Cookies de funcionalidad Estas cookies permiten que el sitio web ofrezca una mejor funcionalidad y personalización. Pueden ser establecidas por Cencosud o por terceras partes cuyos servicios se han implement",,8780,,,,unknown,
Saltar menú Cenco,"Saltar menú Cenco Agotado Don Pollo Pollo Entero Con Menudencias Don Pollo Envasado Código: 260371-KG Nota 4.0 (6 comentarios ) Similares Agregar a tus listas Similares Agregar a tus listas 1/1 Descubre Productos Similares Agregar a Mis listas $5.751 $6.390 x kg Don Pollo Pechuga Entera Don Pollo kg Agregar Agregar a Mis listas $8.985 $5.990 x kg Canto del Gallo Pollo Entero Sin Marinar kg Agregar Agregar a Mis listas $8.780 $4.390 x kg Ariztía Pollo Entero Ariztía kg Agregar Características Descripción Tipo de Producto Pollo Te podrían interesar Agregar a Mis listas $4.330 $11.395 x kg Marco Polo Papas Fritas Marco Polo Rústicas Sal de Mar 380 g Agregar 3.7 Exclusivo online Agregar a Mis listas $2.890 $4.090 $2.408 x kg Pomarola Salsa de Tomate Pomarola 200 g 6 un. Agregar 5.0 Agregar a Mis listas $1.390 $1.390 x un Frutas y Verduras Propias Lechuga Escarola 1 un. Agregar 3.4 Usamos cookies para mejorar tu experiencia en Jumbo. ¿Nos das permiso para guardarlas en tu dispositivo? Configurar cookies Aceptar todas las cookies Centro de preferencia de privacidad Las cookies son una tecnología que nos permite personalizar tu experiencia en Jumbo. Para eso, necesitamos permiso para almacenar, procesar, tratar o disponer datos sobre tu paso por nuestra web. Esta información no te identifica directamente y está protegida siguiendo buenas prácticas de la industria. Gestionar las preferencias de consentimiento Cookies estrictamente necesarias Activas siempre Estas cookies son necesarias para el funcionamiento del sitio web y no se pueden desactivar. Están configuradas para responder a acciones hechas por usted para recibir servicios, tales como ajustar sus preferencias de privacidad, iniciar sesión en el sitio o llenar formularios. Usted puede configurar su navegador para bloquear o alertar la presencia de estas cookies, pero algunas partes del sitio web no funcionarán. Estas cookies no guardan ninguna información personal. Cookies de funcionalidad Cookies de funcionalidad E",,5751,,,,unknown,
Saltar menú Cenco,"Saltar menú Cenco Canto del Gallo Pollo Entero Sin Marinar kg Código: 1595053-KG Nota 4.7 (7 comentarios ) $8.985 $5.990 x kg Agregar Agregar a tus listas 1/2 Descubre Productos Similares Agregar a Mis listas $8.780 $4.390 x kg Ariztía Pollo Entero Ariztía kg Agregar Agregar a Mis listas $4.941 $5.490 x kg Granel Pechuga Entera de Pollo kg Agregar Agregar a Mis listas $6.090 $11.073 x kg Canto del Gallo Pechuga de Pollo Deshuesada Canto del Gallo Sin Marinar 550 g Agregar Características Descripción Tipo de Producto Pollo Te podrían interesar Agregar a Mis listas $2.320 $17.846 x kg Kryzpo Papas Fritas Kryzpo Original 130 g Agregar 5.0 Agregar a Mis listas $2.290 $15.267 x kg Fresh Cut Mix Salad Fresh Cut 150 g Agregar 4.5 Agregar a Mis listas $4.240 $4.988 x kg Kraft Mayonesa Kraft 850 g Agregar 5.0 Usamos cookies para mejorar tu experiencia en Jumbo. ¿Nos das permiso para guardarlas en tu dispositivo? Configurar cookies Aceptar todas las cookies Centro de preferencia de privacidad Las cookies son una tecnología que nos permite personalizar tu experiencia en Jumbo. Para eso, necesitamos permiso para almacenar, procesar, tratar o disponer datos sobre tu paso por nuestra web. Esta información no te identifica directamente y está protegida siguiendo buenas prácticas de la industria. Gestionar las preferencias de consentimiento Cookies estrictamente necesarias Activas siempre Estas cookies son necesarias para el funcionamiento del sitio web y no se pueden desactivar. Están configuradas para responder a acciones hechas por usted para recibir servicios, tales como ajustar sus preferencias de privacidad, iniciar sesión en el sitio o llenar formularios. Usted puede configurar su navegador para bloquear o alertar la presencia de estas cookies, pero algunas partes del sitio web no funcionarán. Estas cookies no guardan ninguna información personal. Cookies de funcionalidad Cookies de funcionalidad Estas cookies permiten que el sitio web ofrezca una mejor funcionalidad y perso",,8985,,,,unknown,
Saltar menú Cenco,Saltar menú Cenco,,,,,,unknown,
Saltar menú Cenco,"Saltar menú Cenco Exclusivo online Soprole Leche Soprole Entera Natural 1 L Código: 1589277 Nota 4.9 (7 comentarios ) Lleva 2 por $2.000 $1.000 x lt $1.320 $1.320 x lt Agregar Agregar a tus listas 1/1 Descubre Productos Similares Oferta Agregar a Mis listas 6 por 5 a $2.700 $2.250 x lt $540 $2.700 x lt Soprole Leche Soprole Entera Natural 200 ml Agregar Producto sin calificar Exclusivo online Agregar a Mis listas $1.200 $1.500 $1.200 x lt Soprole Leche Soprole Entera Cremosa 1 L Agregar 5.0 Exclusivo online Agregar a Mis listas $12.000 $15.840 $1.000 x lt Soprole Pack 12 un. Leche Soprole Entera Natural 1 L Agregar Producto sin calificar Características Descripción Ingredientes Condición alimentaria Información nutricional Tipo de Producto Leche Entera Cantidad 1 L Formato Caja Envase Tetrapack País de Origen Chile Variedad Entera Natural Estado Líquido Tamaño Familiar Contenido 1 L Almacenamiento Refrigerar entre 2–6 °C; consumir en pocos días tras abrir. Garantía Mínima Legal Válida hasta su fecha de caducidad Te podrían interesar Oferta Agregar a Mis listas Lleva 3 por $1.100 $367 x un $450 $450 x un Natur Cereal Natur Maíz 20 g Agregar 5.0 Agregar a Mis listas $5.350 $21.400 x kg Haiti Café Molido Haiti Super Moka 3 Bolsa 250 g Agregar 4.5 Agregar a Mis listas $1.490 $1.490 x kg Iansa Azúcar Blanca Iansa 1 kg Agregar 4.8 Usamos cookies para mejorar tu experiencia en Jumbo. ¿Nos das permiso para guardarlas en tu dispositivo? Configurar cookies Aceptar todas las cookies Centro de preferencia de privacidad Las cookies son una tecnología que nos permite personalizar tu experiencia en Jumbo. Para eso, necesitamos permiso para almacenar, procesar, tratar o disponer datos sobre tu paso por nuestra web. Esta información no te identifica directamente y está protegida siguiendo buenas prácticas de la industria. Gestionar las preferencias de consentimiento Cookies estrictamente necesarias Activas siempre Estas cookies son necesarias para el funcionamiento del sitio web y n",,2000,,,,unknown,
0,"0 BUSCAR PRODUCTOS Ingresa 0 $0 M.N Estás en: La Comer Coyoacán La Comer Tecnológico Toluca La Comer Altaria Aguascalientes La Comer Bosque Esmeralda La Comer Bosque Real La Comer CDMX Sur La Comer Cabo San Lucas La Comer Cascada Los Cabos La Comer Coyoacán La Comer Del Valle La Comer Diana Cuernavaca La Comer El Refugio Qro La Comer Estadio Qro La Comer Iguala La Comer Insurgentes La Comer Irapuato La Comer Iztapalapa Las Torres La Comer Juriquilla La Comer Lago Alberto La Comer Las Animas La Comer Lomas Anáhuac La Comer Manzanillo La Comer Morelia La Comer Nuevo Vallarta La Comer Olivar La Comer Pozuelos Guanajuato La Comer Puebla La Comer Pueblo Nuevo Qro La Comer San Juan del Río La Comer San Miguel de Allende La Comer Santa María La Ribera La Comer Tlalpan La Comer Torres de Satélite La Comer Tultitlán La Comer Uruapan La Comer Vallarta Fluvial La Comer Valle Dorado La Comer Villa Coapa La Comer Zaragoza Qro La Comer Álamos Parque Qro La Comer Coyoacán Dirección MIGUEL ANGEL DE QUEVEDO 443, ROMERO DE TERREROS, 4310 COYOACAN, MEXICO, CIUDAD DE MÉXICO ¡Deseo comprar aquí! Toggle navigation Departamentos Departamentos Sitios de Información Monedero Naranja En tu casa Plus La Comer Card Recetas Spooky Season Departamentos Sitios de Información Recetas Spooky Season Estas en: La Comer Coyoacán Inicio Leche Uht Entera Selecta Leche Uht Entera Selecta Alpura 1 lt REGRESAR $36.00 M.N. pieza Agregar PRESENTACIÓN/ENVASE: TETRA BRIK Ingredientes Declaración Nutrimental LECHE ENTEERA, VITAMINA A, D GRASA BUTÍRICA 34 GL, PROTEÍNAS GL PROPIA DE LA LECHE CONTIENE 6, 24 ¿G DE VITAMINA D, VITAMINA AL Tamaño de porción: 240.00 g Contenido energético 625.00 kj Proteínas 7.50 g Grasas totales (Lípidos) 8.20 g Grasas saturadas 5.30 g Hidratos de Carbono Disponibles 11.50 g Azúcares 11.50 g Fibra Dietética 0.00 g Sodio 120.00 mg Calcio 264.00 mg Vitamina A 144.00 µg Vitamina D 1.50 µg x Promociones Cerrar Más información TAMBIÉN TE PUEDE INTERESAR Leche uht entera ALPURA 1 LT. x $36",,0,,,,unknown,
Saltar menú Cenco,"Saltar menú Cenco Loncoleche Leche Loncoleche Entera 1 L Código: 1820071 Nota 5.0 (2 comentarios ) $1.190 $1.190 x lt Agregar Agregar a tus listas 1/1 Descubre Productos Similares Oferta Agregar a Mis listas Lleva 2 por $2.300 $1.150 x lt $1.350 $1.350 x lt Lleva 2 por $1.980 $990 x lt Colun Leche Colun Entera 1 L Agregar 5.0 Agregar a Mis listas $1.110 $1.110 x lt Cuisine & Co Leche Cuisine & Co Entera 1 L Agregar 4.8 Agregar a Mis listas $1.060 $1.060 x lt Surlat Leche Surlat Entera 1 L Agregar 5.0 Características Descripción Ingredientes Condición alimentaria Información nutricional Tipo de Producto Leche Entera Envase Tetrapack País de Origen Chile Garantía Mínima Legal Válida hasta su fecha de caducidad Te podrían interesar Oferta Agregar a Mis listas Lleva 3 por $1.100 $367 x un $450 $450 x un Natur Cereal Natur Maíz 20 g Agregar 5.0 Agregar a Mis listas $5.350 $21.400 x kg Haiti Café Molido Haiti Super Moka 3 Bolsa 250 g Agregar 4.5 Agregar a Mis listas $1.290 $1.290 x kg Cuisine & Co Azúcar Cuisine & Co Blanca Granulada 1 kg Agregar 4.8 Usamos cookies para mejorar tu experiencia en Jumbo. ¿Nos das permiso para guardarlas en tu dispositivo? Configurar cookies Aceptar todas las cookies Centro de preferencia de privacidad Las cookies son una tecnología que nos permite personalizar tu experiencia en Jumbo. Para eso, necesitamos permiso para almacenar, procesar, tratar o disponer datos sobre tu paso por nuestra web. Esta información no te identifica directamente y está protegida siguiendo buenas prácticas de la industria. Gestionar las preferencias de consentimiento Cookies estrictamente necesarias Activas siempre Estas cookies son necesarias para el funcionamiento del sitio web y no se pueden desactivar. Están configuradas para responder a acciones hechas por usted para recibir servicios, tales como ajustar sus preferencias de privacidad, iniciar sesión en el sitio o llenar formularios. Usted puede configurar su navegador para bloquear o alertar la presencia de ",,1190,,,,unknown,
Se interrumpió la conexión,Se interrumpió la conexión Se detectó un cambio de red. ERR_NETWORK_CHANGED Volver a cargar Se detectó un cambio de red.,,,,,,unknown,
Saltar menú Cenco,"Saltar menú Cenco Cuisine & Co Leche Cuisine & Co Entera 1 L Código: 1858321 Nota 4.8 (62 comentarios ) $1.110 $1.110 x lt Agregar Agregar a tus listas 1/1 Descubre Productos Similares Agregar a Mis listas $1.190 $1.190 x lt Loncoleche Leche Loncoleche Entera 1 L Agregar 5.0 Oferta Agregar a Mis listas Lleva 2 por $2.300 $1.150 x lt $1.350 $1.350 x lt Lleva 2 por $1.980 $990 x lt Colun Leche Colun Entera 1 L Agregar 5.0 Agregar a Mis listas $13.320 $1.110 x lt Cuisine & Co Pack 12 un. Leche Cuisine & Co Entera 1 L Agregar 4.8 Características Descripción Ingredientes Condición alimentaria Información nutricional Tipo de Producto Leche Entera Envase Tetrapack País de Origen Chile Te podrían interesar Exclusivo online Agregar a Mis listas 30% dcto. $1.883 $2.690 $2.690 x kg Quaker Avena Instantánea Quaker 700 g Agregar 5.0 Agregar a Mis listas $5.350 $21.400 x kg Haiti Café Molido Haiti Super Moka 3 Bolsa 250 g Agregar 4.5 Agregar a Mis listas $1.290 $1.290 x kg Cuisine & Co Azúcar Cuisine & Co Blanca Granulada 1 kg Agregar 4.8 Usamos cookies para mejorar tu experiencia en Jumbo. ¿Nos das permiso para guardarlas en tu dispositivo? Configurar cookies Aceptar todas las cookies Centro de preferencia de privacidad Las cookies son una tecnología que nos permite personalizar tu experiencia en Jumbo. Para eso, necesitamos permiso para almacenar, procesar, tratar o disponer datos sobre tu paso por nuestra web. Esta información no te identifica directamente y está protegida siguiendo buenas prácticas de la industria. Gestionar las preferencias de consentimiento Cookies estrictamente necesarias Activas siempre Estas cookies son necesarias para el funcionamiento del sitio web y no se pueden desactivar. Están configuradas para responder a acciones hechas por usted para recibir servicios, tales como ajustar sus preferencias de privacidad, iniciar sesión en el sitio o llenar formularios. Usted puede configurar su navegador para bloquear o alertar la presencia de estas cookies, pero ",,1110,,,,unknown,
Saltar menú Cenco,"Saltar menú Cenco Frutas y Verduras Propias Manzana Royal Gala Granel Código: 1558641-KG Nota 5.0 (1 comentarios ) $1.295 $2.590 x kg Agregar Agregar a tus listas 1/1 Descubre Productos Similares Agregar a Mis listas $2.090 $2.090 x kg Frutas y Verduras Propias Manzana Royal Gala Bolsa 1 kg Agregar 4.7 Agregar a Mis listas $1.295 $2.590 x kg Frutas y Verduras Propias Manzana Verde Granel Agregar 4.1 Agregar a Mis listas $1.295 $2.590 x kg Frutas y Verduras Propias Manzana Fuji Importada Granel (2 A 3 un. Aprox) Agregar 3.8 Características Descripción Tipo de Producto Manzana Royal Gala Grupo Manzanas - Peras y Otros Envase Granel Variedad Fruta Contenido A granel Te podrían interesar Agregar a Mis listas $1.445 $2.890 x kg Frutas y Verduras Propias Naranja Granel Importada (2 A 3 un. Aprox) Agregar Agregar a Mis listas $795 $1.590 x kg Frutas y Verduras Propias Plátano Extra Granel (1 A 2 un. Aprox) Agregar Agregar a Mis listas $650 $650 x un Frutas y Verduras Propias Perejil 1 un. Agregar Usamos cookies para mejorar tu experiencia en Jumbo. ¿Nos das permiso para guardarlas en tu dispositivo? Configurar cookies Aceptar todas las cookies Centro de preferencia de privacidad Las cookies son una tecnología que nos permite personalizar tu experiencia en Jumbo. Para eso, necesitamos permiso para almacenar, procesar, tratar o disponer datos sobre tu paso por nuestra web. Esta información no te identifica directamente y está protegida siguiendo buenas prácticas de la industria. Gestionar las preferencias de consentimiento Cookies estrictamente necesarias Activas siempre Estas cookies son necesarias para el funcionamiento del sitio web y no se pueden desactivar. Están configuradas para responder a acciones hechas por usted para recibir servicios, tales como ajustar sus preferencias de privacidad, iniciar sesión en el sitio o llenar formularios. Usted puede configurar su navegador para bloquear o alertar la presencia de estas cookies, pero algunas partes del sitio web no func",,1295,,,,unknown,
Saltar menú Cenco,"Saltar menú Cenco Exclusivo online Carozzi Pasta Spaghetti N°5 Carozzi 400 g Código: 267558 Nota 5.0 (2 comentarios ) 3 por 2 a $2.180 $1.818 x kg $1.090 $2.725 x kg Agregar Agregar a tus listas 1/2 Descubre Productos Similares Agregar a Mis listas $2.590 $2.590 x kg Carozzi Pasta Spaghetti N°5 Carozzi 1 kg Agregar Producto sin calificar Exclusivo online Agregar a Mis listas 3 por 2 a $2.180 $1.818 x kg $1.090 $2.725 x kg Carozzi Pasta Spaghetti N°3 Carozzi 400 g Agregar Producto sin calificar Agregar a Mis listas $1.250 $3.125 x kg Trattoria Pasta Spaghetti N°5 Trattoria 400 g Agregar 5.0 Características Descripción Ingredientes Condición alimentaria Información nutricional Tipo de Producto Spaghettis Cantidad 1 un. Formato N°5 Envase Paquete País de Origen Chile Variedad N°5 Contenido 400 g Garantía Mínima Legal Válida hasta su fecha de caducidad Te podrían interesar Exclusivo online Agregar a Mis listas $2.890 $4.090 $2.408 x kg Pomarola Salsa de Tomate Pomarola 200 g 6 un. Agregar 5.0 Oferta Agregar a Mis listas $1.590 $1.990 $1.590 x un Colun Queso Parmesano Colun Envasado Rallado 80 g Agregar 4.5 Agregar a Mis listas $810 $169 x 10g Gourmet Caldo Gourmet Polvo Sabor Carne 48 g 6 un. Agregar Producto sin calificar Usamos cookies para mejorar tu experiencia en Jumbo. ¿Nos das permiso para guardarlas en tu dispositivo? Configurar cookies Aceptar todas las cookies Centro de preferencia de privacidad Las cookies son una tecnología que nos permite personalizar tu experiencia en Jumbo. Para eso, necesitamos permiso para almacenar, procesar, tratar o disponer datos sobre tu paso por nuestra web. Esta información no te identifica directamente y está protegida siguiendo buenas prácticas de la industria. Gestionar las preferencias de consentimiento Cookies estrictamente necesarias Activas siempre Estas cookies son necesarias para el funcionamiento del sitio web y no se pueden desactivar. Están configuradas para responder a acciones hechas por usted para recibir servicios",,2180,,,,unknown,
Saltar menú Cenco,"Saltar menú Cenco Lucchetti Spaghetti N°5 Lucchetti 400 g Código: 267569 Nota 0.0 Calificar producto $1.040 $2.600 x kg Agregar Agregar a tus listas 1/5 Descubre Productos Similares Agregar a Mis listas $1.140 $2.850 x kg Lucchetti Spaghetti N°5 Lucchetti Tr3S 400 g Agregar Producto sin calificar Exclusivo online Agregar a Mis listas 3 por 2 a $2.180 $1.818 x kg $1.090 $2.725 x kg Carozzi Pasta Spaghetti N°5 Carozzi 400 g Agregar 5.0 Agregar a Mis listas $1.250 $3.125 x kg Trattoria Pasta Spaghetti N°5 Trattoria 400 g Agregar 5.0 Características Descripción Ingredientes Condición alimentaria Información nutricional Tipo de Producto Spaghettis Cantidad 1 un. Formato Envasado Envase Paquete País de Origen Chile Variedad N°5 Contenido 400 g Garantía Mínima Legal Válida hasta su fecha de caducidad Te podrían interesar Agregar a Mis listas $1.000 $25.000 x un Cuisine & Co Queso Parmesano Cuisine & Co Envasado Rallado 40 g Agregar Exclusivo online Agregar a Mis listas $2.890 $4.090 $2.408 x kg Pomarola Salsa de Tomate Pomarola 200 g 6 un. Agregar Exclusivo online Agregar a Mis listas 3 por 2 a $1.980 $3.300 x kg $990 $4.950 x kg Carozzi Salsa de Tomate Carozzi Toscana Bolognesa 200 g Agregar Usamos cookies para mejorar tu experiencia en Jumbo. ¿Nos das permiso para guardarlas en tu dispositivo? Configurar cookies Aceptar todas las cookies Centro de preferencia de privacidad Las cookies son una tecnología que nos permite personalizar tu experiencia en Jumbo. Para eso, necesitamos permiso para almacenar, procesar, tratar o disponer datos sobre tu paso por nuestra web. Esta información no te identifica directamente y está protegida siguiendo buenas prácticas de la industria. Gestionar las preferencias de consentimiento Cookies estrictamente necesarias Activas siempre Estas cookies son necesarias para el funcionamiento del sitio web y no se pueden desactivar. Están configuradas para responder a acciones hechas por usted para recibir servicios, tales como ajustar sus preferenc",,1040,,,,unknown,
Saltar menú Cenco,"Saltar menú Cenco Esta página se perdió en nuestros pasillos Parece que esta página ya no está disponible, pero aún hay miles de productos esperándote. Descubre productos de categorías populares: Frutas y verduras Desayunos Exclusivos de Jumbo Usamos cookies para mejorar tu experiencia en Jumbo. ¿Nos das permiso para guardarlas en tu dispositivo? Configurar cookies Aceptar todas las cookies Centro de preferencia de privacidad Las cookies son una tecnología que nos permite personalizar tu experiencia en Jumbo. Para eso, necesitamos permiso para almacenar, procesar, tratar o disponer datos sobre tu paso por nuestra web. Esta información no te identifica directamente y está protegida siguiendo buenas prácticas de la industria. Gestionar las preferencias de consentimiento Cookies estrictamente necesarias Activas siempre Estas cookies son necesarias para el funcionamiento del sitio web y no se pueden desactivar. Están configuradas para responder a acciones hechas por usted para recibir servicios, tales como ajustar sus preferencias de privacidad, iniciar sesión en el sitio o llenar formularios. Usted puede configurar su navegador para bloquear o alertar la presencia de estas cookies, pero algunas partes del sitio web no funcionarán. Estas cookies no guardan ninguna información personal. Cookies de funcionalidad Cookies de funcionalidad Estas cookies permiten que el sitio web ofrezca una mejor funcionalidad y personalización. Pueden ser establecidas por Cencosud o por terceras partes cuyos servicios se han implementado en nuestro sitio web. Si no permite estas cookies, algunas de las funcionalidades de la página web podrían no operar correctamente. Cookies dirigidas Cookies dirigidas Estas cookies son colocadas por nuestros socios publicitarios para conocer la actividad del usuario y mostrar su publicidad en otros sitios web, se basan en la identificación única de su navegador y dispositivo de acceso a internet. Cookies de rendimiento Cookies de rendimiento Estas cookies ",,,,,,unknown,
Saltar menú Cenco,"Saltar menú Cenco Trattoria Pasta Spaghetti N°5 Trattoria 400 g Código: 267577 Nota 5.0 (3 comentarios ) $1.250 $3.125 x kg Agregar Agregar a tus listas 1/1 Descubre Productos Similares Características Descripción Ingredientes Condición alimentaria Información nutricional Tipo de Producto Spaghettis Envase Paquete País de Origen Chile Te podrían interesar Exclusivo online Agregar a Mis listas $2.890 $4.090 $2.408 x kg Pomarola Salsa de Tomate Pomarola 200 g 6 un. Agregar 5.0 Oferta Agregar a Mis listas $1.590 $1.990 $1.590 x un Colun Queso Parmesano Colun Envasado Rallado 80 g Agregar 4.5 Agregar a Mis listas $990 $33.000 x kg Frutas y Verduras Propias Albahaca 30 g Agregar 4.3 Usamos cookies para mejorar tu experiencia en Jumbo. ¿Nos das permiso para guardarlas en tu dispositivo? Configurar cookies Aceptar todas las cookies Centro de preferencia de privacidad Las cookies son una tecnología que nos permite personalizar tu experiencia en Jumbo. Para eso, necesitamos permiso para almacenar, procesar, tratar o disponer datos sobre tu paso por nuestra web. Esta información no te identifica directamente y está protegida siguiendo buenas prácticas de la industria. Gestionar las preferencias de consentimiento Cookies estrictamente necesarias Activas siempre Estas cookies son necesarias para el funcionamiento del sitio web y no se pueden desactivar. Están configuradas para responder a acciones hechas por usted para recibir servicios, tales como ajustar sus preferencias de privacidad, iniciar sesión en el sitio o llenar formularios. Usted puede configurar su navegador para bloquear o alertar la presencia de estas cookies, pero algunas partes del sitio web no funcionarán. Estas cookies no guardan ninguna información personal. Cookies de funcionalidad Cookies de funcionalidad Estas cookies permiten que el sitio web ofrezca una mejor funcionalidad y personalización. Pueden ser establecidas por Cencosud o por terceras partes cuyos servicios se han implementado en nuestro sitio w",,1250,,,,unknown,
Saltar menú Cenco,"Saltar menú Cenco Cuisine & Co Spaghetti Cuisine & Co 100% Trigo Duro 400 g Código: 1922153 Nota 4.1 (14 comentarios ) $1.040 $2.600 x kg Agregar Agregar a tus listas 1/1 Descubre Productos Similares Agregar a Mis listas $1.040 $2.600 x kg Cuisine & Co Fusilli 100% Trigo Duro 400 g Agregar 4.8 Agregar a Mis listas $1.040 $2.600 x kg Cuisine & Co Linguine 100% Trigo Duro 400 g Agregar Producto sin calificar Agregar a Mis listas $1.040 $2.600 x kg Cuisine & Co Penne 100% Trigo Duro 400 g Agregar 4.6 Características Descripción Ingredientes Condición alimentaria Información nutricional Tipo de Producto Spaghettis Envase Paquete País de Origen Argentina Garantía Mínima Legal Válida hasta su fecha de caducidad Te podrían interesar Exclusivo online Agregar a Mis listas $2.890 $4.090 $2.408 x kg Pomarola Salsa de Tomate Pomarola 200 g 6 un. Agregar 5.0 Oferta Agregar a Mis listas $1.590 $1.990 $1.590 x un Colun Queso Parmesano Colun Envasado Rallado 80 g Agregar 4.5 Agregar a Mis listas $990 $33.000 x kg Frutas y Verduras Propias Albahaca 30 g Agregar 4.3 Usamos cookies para mejorar tu experiencia en Jumbo. ¿Nos das permiso para guardarlas en tu dispositivo? Configurar cookies Aceptar todas las cookies Centro de preferencia de privacidad Las cookies son una tecnología que nos permite personalizar tu experiencia en Jumbo. Para eso, necesitamos permiso para almacenar, procesar, tratar o disponer datos sobre tu paso por nuestra web. Esta información no te identifica directamente y está protegida siguiendo buenas prácticas de la industria. Gestionar las preferencias de consentimiento Cookies estrictamente necesarias Activas siempre Estas cookies son necesarias para el funcionamiento del sitio web y no se pueden desactivar. Están configuradas para responder a acciones hechas por usted para recibir servicios, tales como ajustar sus preferencias de privacidad, iniciar sesión en el sitio o llenar formularios. Usted puede configurar su navegador para bloquear o alertar la presencia",,1040,,,,unknown,
Robot or human?,Robot or human? Activate and hold the button to confirm that you’re human. Thank You!,,,,,,unknown,
0,"0 BUSCAR PRODUCTOS Ingresa 0 $0 M.N Estás en: La Comer Coyoacán La Comer Tecnológico Toluca La Comer Altaria Aguascalientes La Comer Bosque Esmeralda La Comer Bosque Real La Comer CDMX Sur La Comer Cabo San Lucas La Comer Cascada Los Cabos La Comer Coyoacán La Comer Del Valle La Comer Diana Cuernavaca La Comer El Refugio Qro La Comer Estadio Qro La Comer Iguala La Comer Insurgentes La Comer Irapuato La Comer Iztapalapa Las Torres La Comer Juriquilla La Comer Lago Alberto La Comer Las Animas La Comer Lomas Anáhuac La Comer Manzanillo La Comer Morelia La Comer Nuevo Vallarta La Comer Olivar La Comer Pozuelos Guanajuato La Comer Puebla La Comer Pueblo Nuevo Qro La Comer San Juan del Río La Comer San Miguel de Allende La Comer Santa María La Ribera La Comer Tlalpan La Comer Torres de Satélite La Comer Tultitlán La Comer Uruapan La Comer Vallarta Fluvial La Comer Valle Dorado La Comer Villa Coapa La Comer Zaragoza Qro La Comer Álamos Parque Qro La Comer Coyoacán Dirección MIGUEL ANGEL DE QUEVEDO 443, ROMERO DE TERREROS, 4310 COYOACAN, MEXICO, CIUDAD DE MÉXICO ¡Deseo comprar aquí! Toggle navigation Departamentos Departamentos Sitios de Información Monedero Naranja En tu casa Plus La Comer Card Recetas Spooky Season Departamentos Sitios de Información Recetas Spooky Season Estas en: La Comer Coyoacán Inicio Leche Fresca Entera Leche Fresca Entera Lala 1 lt REGRESAR $33.00 M.N. pieza Piezas Agregar PRESENTACIÓN/ENVASE: BOTELLA x Promociones Cerrar Más información TAMBIÉN TE PUEDE INTERESAR Leche fresca entera LALA 1 LT. x $33.00 M.N. x Piezas Piezas Agregar $33.00 M.N. Leche fresca entera LALA 1.8 LT. x $49.00 M.N. x Piezas Piezas Agregar $55.00 M.N. Leche fresca entera LALA 3.78 LT. x $105.50 M.N. x Piezas Piezas Agregar $105.50 M.N. Leche fresca entera ALPURA 1 LT. x $29.00 M.N. x Piezas Piezas Agregar $26.00 M.N. Leche fresca entera ALPURA 1.89 LT. x $49.00 M.N. x Piezas Piezas Agregar $48.00 M.N. Leche fresca entera ALPURA 3.78 LT. x $92.00 M.N. x Piezas Piezas Agregar ",,0,,,,unknown,
Robot or human?,Robot or human? Activate and hold the button to confirm that you’re human. Thank You!,,,,,,unknown,
Robot or human?,Robot or human? Activate and hold the button to confirm that you’re human. Thank You!,,,,,,unknown,
Robot or human?,Robot or human? Activate and hold the button to confirm that you’re human. Thank You!,,,,,,unknown,
Robot or human?,Robot or human? Activate and hold the button to confirm that you’re human. Thank You!,,,,,,unknown,
Robot or human?,Robot or human? Activate and hold the button to confirm that you’re human. Thank You!,,,,,,unknown,
Robot or human?,Robot or human? Activate and hold the button to confirm that you’re human. Thank You!,,,,,,unknown,
Robot or human?,Robot or human? Activate and hold the button to confirm that you’re human. Thank You!,,,,,,unknown,
Robot or human?,Robot or human? Activate and hold the button to confirm that you’re human. Thank You!,,,,,,unknown,
Robot or human?,Robot or human? Activate and hold the button to confirm that you’re human. Thank You!,,,,,,unknown,
Robot or human?,Robot or human? Activate and hold the button to confirm that you’re human. Thank You!,,,,,,unknown,
0,"0 BUSCAR PRODUCTOS Ingresa 0 $0 M.N Estás en: La Comer Coyoacán La Comer Tecnológico Toluca La Comer Altaria Aguascalientes La Comer Bosque Esmeralda La Comer Bosque Real La Comer CDMX Sur La Comer Cabo San Lucas La Comer Cascada Los Cabos La Comer Coyoacán La Comer Del Valle La Comer Diana Cuernavaca La Comer El Refugio Qro La Comer Estadio Qro La Comer Iguala La Comer Insurgentes La Comer Irapuato La Comer Iztapalapa Las Torres La Comer Juriquilla La Comer Lago Alberto La Comer Las Animas La Comer Lomas Anáhuac La Comer Manzanillo La Comer Morelia La Comer Nuevo Vallarta La Comer Olivar La Comer Pozuelos Guanajuato La Comer Puebla La Comer Pueblo Nuevo Qro La Comer San Juan del Río La Comer San Miguel de Allende La Comer Santa María La Ribera La Comer Tlalpan La Comer Torres de Satélite La Comer Tultitlán La Comer Uruapan La Comer Vallarta Fluvial La Comer Valle Dorado La Comer Villa Coapa La Comer Zaragoza Qro La Comer Álamos Parque Qro La Comer Coyoacán Dirección MIGUEL ANGEL DE QUEVEDO 443, ROMERO DE TERREROS, 4310 COYOACAN, MEXICO, CIUDAD DE MÉXICO ¡Deseo comprar aquí! Toggle navigation Departamentos Departamentos Sitios de Información Monedero Naranja En tu casa Plus La Comer Card Recetas Spooky Season Departamentos Sitios de Información Recetas Spooky Season Estas en: La Comer Coyoacán Inicio Leche Uht Entera Leche Uht Entera Bové Organica 330 ml REGRESAR $21.00 M.N. pieza Piezas Agregar PRESENTACIÓN/ENVASE: TETRA PRISMA x Promociones Cerrar Más información TAMBIÉN TE PUEDE INTERESAR Leche uht entera BOVE ORGANICA 960 ML. x $44.30 M.N. x Piezas Piezas Agregar $44.30 M.N. Leche uht entera LALA ORGANICA 960 ML. x $42.00 M.N. x Piezas Piezas Agregar $42.00 M.N. Leche uht entera BOVE ORGANICA 1 LT. x $42.00 M.N. $39.00 M.N. x Piezas Piezas Agregar $42.00 M.N. $42.00 M.N. Leche uht deslactosada BOVÉ ORGANICA CAFE 330 ML. x $23.50 M.N. x Piezas Piezas Agregar $23.50 M.N. Leche uht entera deslactosada BOVÉ ORGANICA CHOCOLATE 330 ML. x $24.50 M.N. x Piezas Piezas Ag",,0,,,,unknown,
Robot or human?,Robot or human? Activate and hold the button to confirm that you’re human. Thank You!,,,,,,unknown,
Robot or human?,Robot or human? Activate and hold the button to confirm that you’re human. Thank You!,,,,,,unknown,
Robot or human?,Robot or human? Activate and hold the button to confirm that you’re human. Thank You!,,,,,,unknown,
Robot or human?,Robot or human? Activate and hold the button to confirm that you’re human. Thank You!,,,,,,unknown,
Robot or human?,Robot or human? Activate and hold the button to confirm that you’re human. Thank You!,,,,,,unknown,
Robot or human?,Robot or human? Activate and hold the button to confirm that you’re human. Thank You!,,,,,,unknown,
Robot or human?,Robot or human? Activate and hold the button to confirm that you’re human. Thank You!,,,,,,unknown,
Robot or human?,Robot or human? Activate and hold the button to confirm that you’re human. Thank You!,,,,,,unknown,
Robot or human?,Robot or human? Activate and hold the button to confirm that you’re human. Thank You!,,,,,,unknown,
Robot or human?,Robot or human? Activate and hold the button to confirm that you’re human. Thank You!,,,,,,unknown,
0,"0 BUSCAR PRODUCTOS Ingresa 0 $0 M.N Estás en: La Comer Coyoacán La Comer Tecnológico Toluca La Comer Altaria Aguascalientes La Comer Bosque Esmeralda La Comer Bosque Real La Comer CDMX Sur La Comer Cabo San Lucas La Comer Cascada Los Cabos La Comer Coyoacán La Comer Del Valle La Comer Diana Cuernavaca La Comer El Refugio Qro La Comer Estadio Qro La Comer Iguala La Comer Insurgentes La Comer Irapuato La Comer Iztapalapa Las Torres La Comer Juriquilla La Comer Lago Alberto La Comer Las Animas La Comer Lomas Anáhuac La Comer Manzanillo La Comer Morelia La Comer Nuevo Vallarta La Comer Olivar La Comer Pozuelos Guanajuato La Comer Puebla La Comer Pueblo Nuevo Qro La Comer San Juan del Río La Comer San Miguel de Allende La Comer Santa María La Ribera La Comer Tlalpan La Comer Torres de Satélite La Comer Tultitlán La Comer Uruapan La Comer Vallarta Fluvial La Comer Valle Dorado La Comer Villa Coapa La Comer Zaragoza Qro La Comer Álamos Parque Qro La Comer Coyoacán Dirección MIGUEL ANGEL DE QUEVEDO 443, ROMERO DE TERREROS, 4310 COYOACAN, MEXICO, CIUDAD DE MÉXICO ¡Deseo comprar aquí! Toggle navigation Departamentos Departamentos Sitios de Información Monedero Naranja En tu casa Plus La Comer Card Recetas Spooky Season Departamentos Sitios de Información Recetas Spooky Season Estas en: La Comer Coyoacán Inicio Leche Uht Entera Leche Uht Entera Santa Clara 1 lt REGRESAR $38.00 M.N. pieza Piezas Agregar PRESENTACIÓN/ENVASE: TETRA BRIK Promociones: LLEVATE TRES LECHES UHT SEMIDESCREMADA, LIGHT O ENTERA SANTA CLARA 1 LT POR 97.00 VIGENCIA DE 02/10/2025 A 07/10/2025 Detalle Ingredientes Declaración Nutrimental Contenido Neto 1 LT Ingredientes Leche en polvo, 100% vaca. Conservese En refrigeración Tipo de Leche Leche Entera Tipo de Sabor Cremosa Natural LECHE ENTERA DE VACA, VITAMINAS A, D Tamaño de porción: 100.00 ml Contenido energético 257.50 kj Proteínas 3.00 g Grasas totales (Lípidos) 3.00 g Grasas saturadas 1.80 g Grasas trans 0.00 mg Hidratos de Carbono Disponibles 5.60 g Az",,0,,,,unknown,
Robot or human?,Robot or human? Activate and hold the button to confirm that you’re human. Thank You!,,,,,,unknown,
Robot or human?,Robot or human? Activate and hold the button to confirm that you’re human. Thank You!,,,,,,unknown,
Robot or human?,Robot or human? Activate and hold the button to confirm that you’re human. Thank You!,,,,,,unknown,
Robot or human?,Robot or human? Activate and hold the button to confirm that you’re human. Thank You!,,,,,,unknown,
Robot or human?,Robot or human? Activate and hold the button to confirm that you’re human. Thank You!,,,,,,unknown,
Robot or human?,Robot or human? Activate and hold the button to confirm that you’re human. Thank You!,,,,,,unknown,
Robot or human?,Robot or human? Activate and hold the button to confirm that you’re human. Thank You!,,,,,,unknown,
Robot or human?,Robot or human? Activate and hold the button to confirm that you’re human. Thank You!,,,,,,unknown,
Robot or human?,Robot or human? Activate and hold the button to confirm that you’re human. Thank You!,,,,,,unknown,
Robot or human?,Robot or human? Activate and hold the button to confirm that you’re human. Thank You!,,,,,,unknown,
0,"0 BUSCAR PRODUCTOS Ingresa 0 $0 M.N Estás en: La Comer Coyoacán La Comer Tecnológico Toluca La Comer Altaria Aguascalientes La Comer Bosque Esmeralda La Comer Bosque Real La Comer CDMX Sur La Comer Cabo San Lucas La Comer Cascada Los Cabos La Comer Coyoacán La Comer Del Valle La Comer Diana Cuernavaca La Comer El Refugio Qro La Comer Estadio Qro La Comer Iguala La Comer Insurgentes La Comer Irapuato La Comer Iztapalapa Las Torres La Comer Juriquilla La Comer Lago Alberto La Comer Las Animas La Comer Lomas Anáhuac La Comer Manzanillo La Comer Morelia La Comer Nuevo Vallarta La Comer Olivar La Comer Pozuelos Guanajuato La Comer Puebla La Comer Pueblo Nuevo Qro La Comer San Juan del Río La Comer San Miguel de Allende La Comer Santa María La Ribera La Comer Tlalpan La Comer Torres de Satélite La Comer Tultitlán La Comer Uruapan La Comer Vallarta Fluvial La Comer Valle Dorado La Comer Villa Coapa La Comer Zaragoza Qro La Comer Álamos Parque Qro La Comer Coyoacán Dirección MIGUEL ANGEL DE QUEVEDO 443, ROMERO DE TERREROS, 4310 COYOACAN, MEXICO, CIUDAD DE MÉXICO ¡Deseo comprar aquí! Toggle navigation Departamentos Departamentos Sitios de Información Monedero Naranja En tu casa Plus La Comer Card Recetas Spooky Season Departamentos Sitios de Información Recetas Spooky Season Estas en: La Comer Coyoacán Inicio Pan Blanco Pan Blanco Bimbo 620 grs REGRESAR $53.00 M.N. $46.00 M.N. pieza Piezas Agregar PRESENTACIÓN/ENVASE: BOLSA x Promociones Cerrar Más información TAMBIÉN TE PUEDE INTERESAR Pan blanco BIMBO 350 GRS x $31.00 M.N. x Piezas Piezas Agregar $30.00 M.N. Pan blanco BIMBO 567 GRS x $59.00 M.N. x Piezas Piezas Agregar $57.90 M.N. Pan blanco BIMBO SIN ORILLAS 450 GRS x $42.00 M.N. x Piezas Piezas Agregar $42.00 M.N. Pan blanco BUTTER KRUST 567 GRS x $52.50 M.N. x Piezas Piezas Agregar $52.50 M.N. Pan blanco con ajonjoli WONDER 567 GRS x $63.00 M.N. x Piezas Piezas Agregar $60.50 M.N. Pan con mantequilla NATURE S OWN 567 GRS x $79.00 M.N. x Piezas Piezas Agregar $79.00 M.N",,0,,,,unknown,
Robot or human?,Robot or human? Activate and hold the button to confirm that you’re human. Thank You!,,,,,,unknown,
Robot or human?,Robot or human? Activate and hold the button to confirm that you’re human. Thank You!,,,,,,unknown,
Robot or human?,Robot or human? Activate and hold the button to confirm that you’re human. Thank You!,,,,,,unknown,
Robot or human?,Robot or human? Activate and hold the button to confirm that you’re human. Thank You!,,,,,,unknown,
Robot or human?,Robot or human? Activate and hold the button to confirm that you’re human. Thank You!,,,,,,unknown,
Robot or human?,Robot or human? Activate and hold the button to confirm that you’re human. Thank You!,,,,,,unknown,
Robot or human?,Robot or human? Activate and hold the button to confirm that you’re human. Thank You!,,,,,,unknown,
Loading...,Loading... Loading... Loading... Loading... Loading... Loading... Loading... Loading... Loading... Loading... Loading... Loading...,,,,,,unknown,
Se interrumpió la conexión,Se interrumpió la conexión Se detectó un cambio de red. ERR_NETWORK_CHANGED Volver a cargar Se detectó un cambio de red.,,,,,,unknown,
Inicio,Inicio Abarrotes Café monterrey Café instantáneo clásico lata 170 g Sku: 000000000000010528-UN Precio socio Desde 3 un $4.940 c/u ($29.059 x kg) Ahorra 9% Desde 2 un $5.190 c/u ($30.529 x kg) Ahorra 5% Precio regular $5.450 c/u ($32.059 x kg) Agregar Información del producto Descripción Café instantáneo Monterrey clásico lata 170 g,,4940,,,,unknown,
0,"0 BUSCAR PRODUCTOS Ingresa 0 $0 M.N Estás en: La Comer Coyoacán La Comer Tecnológico Toluca La Comer Altaria Aguascalientes La Comer Bosque Esmeralda La Comer Bosque Real La Comer CDMX Sur La Comer Cabo San Lucas La Comer Cascada Los Cabos La Comer Coyoacán La Comer Del Valle La Comer Diana Cuernavaca La Comer El Refugio Qro La Comer Estadio Qro La Comer Iguala La Comer Insurgentes La Comer Irapuato La Comer Iztapalapa Las Torres La Comer Juriquilla La Comer Lago Alberto La Comer Las Animas La Comer Lomas Anáhuac La Comer Manzanillo La Comer Morelia La Comer Nuevo Vallarta La Comer Olivar La Comer Pozuelos Guanajuato La Comer Puebla La Comer Pueblo Nuevo Qro La Comer San Juan del Río La Comer San Miguel de Allende La Comer Santa María La Ribera La Comer Tlalpan La Comer Torres de Satélite La Comer Tultitlán La Comer Uruapan La Comer Vallarta Fluvial La Comer Valle Dorado La Comer Villa Coapa La Comer Zaragoza Qro La Comer Álamos Parque Qro La Comer Coyoacán Dirección MIGUEL ANGEL DE QUEVEDO 443, ROMERO DE TERREROS, 4310 COYOACAN, MEXICO, CIUDAD DE MÉXICO ¡Deseo comprar aquí! Toggle navigation Departamentos Departamentos Sitios de Información Monedero Naranja En tu casa Plus La Comer Card Recetas Spooky Season Departamentos Sitios de Información Recetas Spooky Season Estas en: La Comer Coyoacán Inicio Pan Blanco Pan Blanco Butter Krust 567 grs REGRESAR $52.50 M.N. pieza Piezas Agregar PRESENTACIÓN/ENVASE: BOLSA x Promociones Cerrar Más información TAMBIÉN TE PUEDE INTERESAR Pan blanco BIMBO 567 GRS x $59.00 M.N. x Piezas Piezas Agregar $57.90 M.N. Pan blanco BIMBO 350 GRS x $31.00 M.N. x Piezas Piezas Agregar $30.00 M.N. Pan blanco BIMBO 620 GRS x $53.00 M.N. $46.00 M.N. x Piezas Piezas Agregar $53.00 M.N. $53.00 M.N. Pan blanco BIMBO SIN ORILLAS 450 GRS x $42.00 M.N. x Piezas Piezas Agregar $42.00 M.N. Pan blanco con ajonjoli WONDER 567 GRS x $63.00 M.N. x Piezas Piezas Agregar $60.50 M.N. Pan con mantequilla NATURE S OWN 567 GRS x $79.00 M.N. x Piezas Piezas Agrega",,0,,,,unknown,
Loading...,Loading... Loading... Loading... Loading... Loading... Loading... Loading... Loading... Loading... Loading... Loading... Loading...,,,,,,unknown,
Inicio,Inicio Congelados Comida congelada frutos del maipo Papas duquesa congeladas 1 Kg Sku: 000000000000344657-UN Precio socio Desde 2 un $4.190 c/u ($4.190 x kg) Ahorra 19% Desde 1 un $4.290 c/u ($4.290 x kg) Ahorra 17% Precio regular $5.150 c/u ($5.150 x kg) Agregar Información del producto Descripción Papas duquesa congeladas Frutos del Maipo 1 Kg,,4190,,,,unknown,
Inicio,Inicio Panadería y repostería Pan amada masa Pan de molde blanco 500 g Sku: 000000000000650669-UN Precio socio Desde 2 un $1.950 c/u ($3.900 x kg) Ahorra 9% Desde 1 un $2.050 c/u ($4.100 x kg) Ahorra 5% Precio regular $2.150 c/u ($4.300 x kg) Agregar Información del producto Descripción Pan de molde blanco,,1950,,,,unknown,
Inicio,Inicio Panadería y repostería Pan ideal Pan de molde integral XL 750 g Sku: 000000000000665210-UN Precio socio Desde 2 un $2.540 c/u ($3.387 x kg) Ahorra 9% Desde 1 un $2.670 c/u ($3.560 x kg) Ahorra 5% Precio regular $2.800 c/u ($3.733 x kg) Agregar Información del producto Descripción Pan de molde integral XL,,2540,,,,unknown,
Inicio,Inicio Panadería y repostería Pan cena Pan molde blanco XL 740 g Sku: 000000000000666148-UN Precio socio Desde 2 un $2.190 c/u ($2.959 x kg) Ahorra 19% Desde 1 un $2.290 c/u ($3.095 x kg) Ahorra 15% Precio regular $2.690 c/u ($3.635 x kg) Agregar Información del producto Descripción Pan molde blanco XL,,2190,,,,unknown,
Inicio,Inicio Panadería y repostería Pan guillermina Pan molde sandwich blanco 800 g Sku: 000000000000648509-UN Sin stock Sin stock Información del producto Descripción Pan molde sandwich blanco,,,,,,unknown,
Inicio,Inicio Panadería y repostería Pan bauducco Pan de molde integral Sku: 000000000000668719-UN Precio socio Desde 2 un $1.760 c/u ($4.513 x un) Ahorra 8% Desde 1 un $1.850 c/u ($4.744 x un) Ahorra 4% Precio regular $1.920 c/u ($4.923 x un) Agregar Información del producto Descripción Pan de molde integral,,1760,,,,unknown,
Loading...,Loading... Loading... Loading... Loading... Loading... Loading... Loading... Loading... Loading... Loading... Loading... Loading...,,,,,,unknown,
Inicio,Inicio Bebidas Gaseosas pepsi Bebida desechable 1.5 Litro Sku: 000000000000023301-UN Precio socio Desde 2 un $1.390 c/u ($927 x l) Ahorra 29% Desde 1 un $1.490 c/u ($993 x l) Ahorra 24% Precio regular $1.960 c/u ($1.307 x l) Agregar Información del producto Descripción Bebida desechable,,1390,,,,unknown,
Loading...,Loading... Loading... Loading... Loading... Loading... Loading... Loading... Loading... Loading... Loading... Loading... Loading...,,,,,,unknown,
¿Qué estás buscando?,"¿Qué estás buscando? Ingresar Supermercado Despensa Aceites y vinagres Aceite Pam Original 170g PAM Cargando comentarios… Aceite Pam Original 170g Aceite Pam Original 170g Referencia : 3010037 Información PAM Original Aceite comestible puro de Canola en aerosol. Las imágenes del producto son únicamente de referencia, el diseño de etiquetas y el contenido (ml, L, Kg, g, piezas, etc) pueden cambiar y/o variar sin previo aviso. Mostrar más Comparte Vendido y entregado por: Chedraui Descripción Especificaciones PAM Original Aceite comestible puro de Canola en aerosol te ayuda a cocinar con 3 veces menos grasa y rinde 3 veces más vs los aceites líquidos.",,,,,,unknown,
0,"0 BUSCAR PRODUCTOS Ingresa 0 $0 M.N Estás en: La Comer Coyoacán La Comer Tecnológico Toluca La Comer Altaria Aguascalientes La Comer Bosque Esmeralda La Comer Bosque Real La Comer CDMX Sur La Comer Cabo San Lucas La Comer Cascada Los Cabos La Comer Coyoacán La Comer Del Valle La Comer Diana Cuernavaca La Comer El Refugio Qro La Comer Estadio Qro La Comer Iguala La Comer Insurgentes La Comer Irapuato La Comer Iztapalapa Las Torres La Comer Juriquilla La Comer Lago Alberto La Comer Las Animas La Comer Lomas Anáhuac La Comer Manzanillo La Comer Morelia La Comer Nuevo Vallarta La Comer Olivar La Comer Pozuelos Guanajuato La Comer Puebla La Comer Pueblo Nuevo Qro La Comer San Juan del Río La Comer San Miguel de Allende La Comer Santa María La Ribera La Comer Tlalpan La Comer Torres de Satélite La Comer Tultitlán La Comer Uruapan La Comer Vallarta Fluvial La Comer Valle Dorado La Comer Villa Coapa La Comer Zaragoza Qro La Comer Álamos Parque Qro La Comer Coyoacán Dirección MIGUEL ANGEL DE QUEVEDO 443, ROMERO DE TERREROS, 4310 COYOACAN, MEXICO, CIUDAD DE MÉXICO ¡Deseo comprar aquí! Toggle navigation Departamentos Departamentos Sitios de Información Monedero Naranja En tu casa Plus La Comer Card Recetas Spooky Season Departamentos Sitios de Información Recetas Spooky Season Estas en: La Comer Coyoacán Inicio Azucar Estandar Azucar Estandar Salwil 1 kg REGRESAR $39.00 M.N. pieza Piezas Agregar PIEZA/GRANEL: BOLSA x Promociones Cerrar Más información TAMBIÉN TE PUEDE INTERESAR Azucar estandar SALWIL 2 KG. x $80.00 M.N. x Piezas Piezas Agregar $80.00 M.N. EN OCTUBRE TE BONIFICAMOS EN TODAS TUS COMPRAS EN LAS MARCAS GOLDEN HILLS Y PETS CLUB VIGENCIA DE 01/10/2025 A 31/10/2025 Azucar estandar GOLDEN HILLS BOLSA 1 KG. x $36.00 M.N. x Piezas Piezas Agregar $36.00 M.N. EN OCTUBRE TE BONIFICAMOS EN TODAS TUS COMPRAS EN LAS MARCAS GOLDEN HILLS Y PETS CLUB VIGENCIA DE 01/10/2025 A 31/10/2025 Azucar estandar GOLDEN HILLS BOLSA 2 KG. x $72.00 M.N. x Piezas Piezas Agregar $72.00 M.N. EN ",,0,,,,unknown,
Inicio,Inicio Bebidas Gaseosas kem piña Bebida desechable 1.5 Litro Sku: 000000000000023186-UN Precio socio Desde 2 un $1.390 c/u ($927 x l) Ahorra 29% Desde 1 un $1.490 c/u ($993 x l) Ahorra 24% Precio regular $1.960 c/u ($1.307 x l) Agregar Información del producto Descripción Bebida desechable,,1390,,,,unknown,
Loading...,Loading... Loading... Loading... Loading... Loading... Loading... Loading... Loading... Loading... Loading... Loading... Loading...,,,,,,unknown,
Inicio,Inicio Abarrotes Arroz nuestra cocina Arroz G2 grano largo ancho bol... 1 Kg Sku: 000000000000650798-UN Precio socio Desde 10 un $1.590 c/u ($1.590 x kg) Ahorra 9% Desde 3 un $1.670 c/u ($1.670 x kg) Ahorra 5% Precio regular $1.750 c/u ($1.750 x kg) Agregar Información del producto Descripción Arroz Nuestra Cocina G2 grano largo ancho bolsa 1 Kg,,1590,,,,unknown,
Inicio,Inicio Abarrotes Arroz tucapel Arroz G2 gran selección largo 1 Kg Sku: 000000000000006126-UN Precio socio Desde 10 un $1.370 c/u ($1.370 x kg) Ahorra 34% Desde 3 un $1.450 c/u ($1.450 x kg) Ahorra 31% Precio regular $2.090 c/u ($2.090 x kg) Agregar Información del producto Descripción Arroz Tucapel G2 gran Selección largo 1 Kg,,1370,,,,unknown,
Inicio,Inicio Abarrotes Arroz merkat Arroz G2 largo delgado 1 Kg Sku: 000000000000355630-UN Precio socio Desde 10 un $1.020 c/u ($1.020 x kg) Ahorra 9% Desde 3 un $1.070 c/u ($1.070 x kg) Ahorra 4% Precio regular $1.120 c/u ($1.120 x kg) Agregar Información del producto Descripción Arroz Merkat largo delgado grado 2 1 Kg,,1020,,,,unknown,
Inicio,Inicio Abarrotes Arroz miraflores Arroz G1 largo ancho bolsa 1 Kg Sku: 000000000000006105-UN Precio socio Desde 10 un $1.890 c/u ($1.890 x kg) Ahorra 22% Desde 3 un $1.990 c/u ($1.990 x kg) Ahorra 18% Precio regular $2.430 c/u ($2.430 x kg) Agregar Información del producto Descripción Arroz Miraflores G1 largo ancho bolsa 1 Kg,,1890,,,,unknown,
Inicio,Inicio Unimarc aruba Arroz grano largo delgado grad... 900 g Sku: 000000000000674971-UN Precio socio Desde 10 un $1.390 c/u ($1.544 x kg) Ahorra 10% Desde 3 un $1.490 c/u ($1.656 x kg) Ahorra 4% Precio regular $1.550 c/u ($1.722 x kg) Agregar Información del producto Descripción Arroz grano largo delgado grado 2 900G,,1390,,,,unknown,
Loading...,Loading... Loading... Loading... Loading... Loading... Loading... Loading... Loading... Loading... Loading... Loading... Loading...,,,,,,unknown,
Inicio,Inicio Unimarc yemita Huevos blanco grande 12 un Sku: 000000000000035512-UN Precio socio Desde 3 un $4.110 c/u ($343 x un) Ahorra 8% Desde 2 un $4.320 c/u ($360 x un) Ahorra 4% Precio regular $4.490 c/u ($374 x un) Agregar Información del producto Descripción Huevos grande blanco,,4110,,,,unknown,
Inicio,Inicio Unimarc la herradura Huevo primera color 30 un Sku: 000000000000327519-UN Sin stock Sin stock Información del producto Descripción Huevo primera color La Herradura 30 un,,,,,,unknown,
0,"0 BUSCAR PRODUCTOS Ingresa 0 $0 M.N Estás en: La Comer Coyoacán La Comer Tecnológico Toluca La Comer Altaria Aguascalientes La Comer Bosque Esmeralda La Comer Bosque Real La Comer CDMX Sur La Comer Cabo San Lucas La Comer Cascada Los Cabos La Comer Coyoacán La Comer Del Valle La Comer Diana Cuernavaca La Comer El Refugio Qro La Comer Estadio Qro La Comer Iguala La Comer Insurgentes La Comer Irapuato La Comer Iztapalapa Las Torres La Comer Juriquilla La Comer Lago Alberto La Comer Las Animas La Comer Lomas Anáhuac La Comer Manzanillo La Comer Morelia La Comer Nuevo Vallarta La Comer Olivar La Comer Pozuelos Guanajuato La Comer Puebla La Comer Pueblo Nuevo Qro La Comer San Juan del Río La Comer San Miguel de Allende La Comer Santa María La Ribera La Comer Tlalpan La Comer Torres de Satélite La Comer Tultitlán La Comer Uruapan La Comer Vallarta Fluvial La Comer Valle Dorado La Comer Villa Coapa La Comer Zaragoza Qro La Comer Álamos Parque Qro La Comer Coyoacán Dirección MIGUEL ANGEL DE QUEVEDO 443, ROMERO DE TERREROS, 4310 COYOACAN, MEXICO, CIUDAD DE MÉXICO ¡Deseo comprar aquí! Toggle navigation Departamentos Departamentos Sitios de Información Monedero Naranja En tu casa Plus La Comer Card Recetas Spooky Season Departamentos Sitios de Información Recetas Spooky Season Estas en: La Comer Coyoacán Inicio Azucar Estandar Azucar Estandar Ke Precio 1,800 grs REGRESAR $60.00 M.N. pieza Piezas Agregar PIEZA/GRANEL: PIEZA x Promociones Cerrar Más información TAMBIÉN TE PUEDE INTERESAR Azucar estandar KE PRECIO 900 GRS x $30.00 M.N. x Piezas Piezas Agregar $30.00 M.N. Azucar estandar SALWIL 1 KG. x $39.00 M.N. x Piezas Piezas Agregar $39.00 M.N. Azucar estandar SALWIL 2 KG. x $80.00 M.N. x Piezas Piezas Agregar $80.00 M.N. EN OCTUBRE TE BONIFICAMOS EN TODAS TUS COMPRAS EN LAS MARCAS GOLDEN HILLS Y PETS CLUB VIGENCIA DE 01/10/2025 A 31/10/2025 Azucar estandar GOLDEN HILLS BOLSA 1 KG. x $36.00 M.N. x Piezas Piezas Agregar $36.00 M.N. EN OCTUBRE TE BONIFICAMOS EN TODAS TUS COMPRA",,0,,,,unknown,
Inicio,Inicio Carnicería Pollo sadia Pechuga deshuesada de pollo co... 4.5 Kg Sku: 000000000000650263-UN Sin stock Sin stock Información del producto Descripción Pechuga deshuesada pollo iqf,,,,,,unknown,
Inicio,Inicio Unimarc super pollo Pechuga deshuesada de pollo co... 4.5 Kg Sku: 000000000000629425-UN Precio socio Desde 2 un $32.890 c/u ($7.309 x kg) Ahorra 9% Desde 1 un $34.530 c/u ($7.673 x kg) Ahorra 5% Precio regular $36.260 c/u ($8.058 x kg) Agregar Información del producto Descripción Pechuga deshuesada congelada,,32890,,,,unknown,
Loading...,Loading... Loading... Loading... Loading... Loading... Loading... Loading... Loading... Loading... Loading... Loading... Loading...,,,,,,unknown,
Inicio,"Inicio Lácteos, refrigerados y huevos Leches líquidas soprole Leche entera natural 1 Litro Sku: 000000000000516748-UN Precio socio Desde 12 un $1.090 c/u ($1.090 x l) Ahorra 24% Desde 6 un $1.140 c/u ($1.140 x l) Ahorra 20% Precio regular $1.430 c/u ($1.430 x l) Agregar Información del producto Descripción Leche entera natural",,1090,,,,unknown,
Inicio,"Inicio Lácteos, refrigerados y huevos Leches líquidas los peumos Leche entera 1 Litro Sku: 000000000000661119-UN Precio socio Desde 12 un $1.150 c/u ($1.150 x l) Ahorra 9% Desde 3 un $1.210 c/u ($1.210 x l) Ahorra 4% Precio regular $1.260 c/u ($1.260 x l) Agregar Información del producto Descripción Leche entera Los Peumos 1 L",,1150,,,,unknown,
Inicio,"Inicio Lácteos, refrigerados y huevos Leches líquidas surlat Leche entera natural 1 Litro Sku: 000000000000612806-UN Precio socio Desde 12 un $970 c/u ($970 x l) Ahorra 17% Desde 6 un $990 c/u ($990 x l) Ahorra 15% Precio regular $1.170 c/u ($1.170 x l) Agregar Información del producto Descripción Leche entera natural",,970,,,,unknown,
Se interrumpió la conexión,Se interrumpió la conexión Se detectó un cambio de red. ERR_NETWORK_CHANGED Volver a cargar Se detectó un cambio de red.,,,,,,unknown,
Inicio,Inicio Unimarc corona Cerveza extra botella 330 ml Sku: 000000000000566684-UN Precio socio Desde 12 un $1.050 c/u ($3.182 x l) Ahorra 9% Desde 6 un $1.100 c/u ($3.333 x l) Ahorra 5% Precio regular $1.160 c/u ($3.515 x l) Agregar Información del producto Descripción Cerveza extra botella,,1050,,,,unknown,
Inicio,"Inicio Cervezas, vinos y licores Cervezas budweiser Cerveza lata 473 ml Sku: 000000000000626636-UN Precio socio Desde 12 un $1.180 c/u ($2.495 x l) Ahorra 9% Desde 6 un $1.240 c/u ($2.622 x l) Ahorra 4% Precio regular $1.290 c/u ($2.727 x l) Agregar Información del producto Descripción Cerveza lata",,1180,,,,unknown,
Loading...,Loading... Loading... Loading... Loading... Loading... Loading... Loading... Loading... Loading... Loading... Loading... Loading...,,,,,,unknown,
0,"0 BUSCAR PRODUCTOS Ingresa 0 $0 M.N Estás en: La Comer Coyoacán La Comer Tecnológico Toluca La Comer Altaria Aguascalientes La Comer Bosque Esmeralda La Comer Bosque Real La Comer CDMX Sur La Comer Cabo San Lucas La Comer Cascada Los Cabos La Comer Coyoacán La Comer Del Valle La Comer Diana Cuernavaca La Comer El Refugio Qro La Comer Estadio Qro La Comer Iguala La Comer Insurgentes La Comer Irapuato La Comer Iztapalapa Las Torres La Comer Juriquilla La Comer Lago Alberto La Comer Las Animas La Comer Lomas Anáhuac La Comer Manzanillo La Comer Morelia La Comer Nuevo Vallarta La Comer Olivar La Comer Pozuelos Guanajuato La Comer Puebla La Comer Pueblo Nuevo Qro La Comer San Juan del Río La Comer San Miguel de Allende La Comer Santa María La Ribera La Comer Tlalpan La Comer Torres de Satélite La Comer Tultitlán La Comer Uruapan La Comer Vallarta Fluvial La Comer Valle Dorado La Comer Villa Coapa La Comer Zaragoza Qro La Comer Álamos Parque Qro La Comer Coyoacán Dirección MIGUEL ANGEL DE QUEVEDO 443, ROMERO DE TERREROS, 4310 COYOACAN, MEXICO, CIUDAD DE MÉXICO ¡Deseo comprar aquí! Toggle navigation Departamentos Departamentos Sitios de Información Monedero Naranja En tu casa Plus La Comer Card Recetas Spooky Season Departamentos Sitios de Información Recetas Spooky Season Estas en: La Comer Coyoacán Inicio Azucar Refinada Azucar Refinada Golden Hills Bolsa 2 kg REGRESAR $95.00 M.N. pieza Agregar x Promociones Cerrar Más información TAMBIÉN TE PUEDE INTERESAR 0 0 x 0 $0.00 M.N. 0 x 0 Piezas Piezas Agregar $0.00 M.N. Copyright © La Comer. Todos los derechos reservados. Bienvenidas las tarjetas: 24/04/2019 1.0 Al navegar en este sitio aceptas las cookies que utilizamos para mejorar tu experiencia. ACEPTO",,0,,,,unknown,
Inicio,"Inicio Cervezas, vinos y licores Cervezas stella artois Cerveza lager botella 330 ml Sku: 000000000000176169-UN Precio socio Desde 12 un $990 c/u ($3.000 x l) Ahorra 8% Desde 6 un $1.040 c/u ($3.152 x l) Ahorra 4% Precio regular $1.080 c/u ($3.273 x l) Agregar Información del producto Descripción Cerveza Stella Artois, botella 330 cc",,990,,,,unknown,
Loading...,Loading... Loading... Loading... Loading... Loading... Loading... Loading... Loading... Loading... Loading... Loading... Loading...,,,,,,unknown,
Loading...,Loading... Loading... Loading... Loading... Loading... Loading... Loading... Loading... Loading... Loading... Loading... Loading...,,,,,,unknown,
Inicio,Inicio Unimarc lucchetti Pasta spaghetti n°5 400 g Sku: 000000000000006531-UN Precio socio Desde 3 un $680 c/u ($1.700 x kg) Ahorra 35% Desde 1 un $690 c/u ($1.725 x kg) Ahorra 34% Precio regular $1.040 c/u ($2.600 x kg) Agregar Información del producto Descripción Pasta spaghetti N°5 Lucchetti 400 g,,680,,,,unknown,
Inicio,Inicio Unimarc talliani Pasta spaghetti n°5 al huevo 400 g Sku: 000000000000006486-UN Precio socio Desde 5 un $1.220 c/u ($3.050 x kg) Ahorra 10% Desde 3 un $1.310 c/u ($3.275 x kg) Ahorra 4% Precio regular $1.360 c/u ($3.400 x kg) Agregar Información del producto Descripción Pasta spaghetti N°5 Talliani al huevo 400 g,,1220,,,,unknown,
Inicio,Inicio Abarrotes Pastas merkat Pasta spaghetti n°5 400 g Sku: 000000000000355618-UN Precio socio Desde 5 un $470 c/u ($1.175 x kg) Ahorra 8% Desde 3 un $490 c/u ($1.225 x kg) Ahorra 4% Precio regular $510 c/u ($1.275 x kg) Agregar Información del producto Descripción Pasta spaghetti N°5 Merkat 400 g,,470,,,,unknown,
Inicio,Inicio Abarrotes Pastas carozzi Pasta spaghetti integral 400 g Sku: 000000000000640629-UN Precio socio Desde 3 un $950 c/u ($2.375 x kg) Ahorra 18% Desde 1 un $1.000 c/u ($2.500 x kg) Ahorra 14% Precio regular $1.160 c/u ($2.900 x kg) Agregar Información del producto Descripción Pasta spaghetti integral Carozzi 400 g,,950,,,,unknown,
‎ ‎ ‎ ‎ ‎ ‎ ‎ ‎ ‎ ‎ ‎ ‎ ‎ ‎ ‎ ‎ ‎ ‎ ‎ ‎ ‎ ‎ ‎ ‎ ‎ ‎ ‎ ‎ ‎ ‎ ‎ ‎ ‎ ‎ ‎ ‎ ‎ ‎ ‎ ‎ ‎ ‎ ‎ ‎ ‎ ‎ ‎ ‎ ‎ ‎ ‎ ‎ ‎ ‎ ‎ ‎ ‎ ‎ ‎ ‎ ‎ ‎ ‎ ‎ ‎ ‎ ‎ ‎ ‎ ‎ Hazte Socio Diamante para disfrutar de ofertas y beneficios ,"‎ ‎ ‎ ‎ ‎ ‎ ‎ ‎ ‎ ‎ ‎ ‎ ‎ ‎ ‎ ‎ ‎ ‎ ‎ ‎ ‎ ‎ ‎ ‎ ‎ ‎ ‎ ‎ ‎ ‎ ‎ ‎ ‎ ‎ ‎ ‎ ‎ ‎ ‎ ‎ ‎ ‎ ‎ ‎ ‎ ‎ ‎ ‎ ‎ ‎ ‎ ‎ ‎ ‎ ‎ ‎ ‎ ‎ ‎ ‎ ‎ ‎ ‎ ‎ ‎ ‎ ‎ ‎ ‎ ‎ Hazte Socio Diamante para disfrutar de ofertas y beneficios exclusivos. ¡Comienza tus 15 días gratis! ‎ ‎ ‎ ‎ ‎ ‎ ‎ ‎ ‎ ‎ ‎ ‎ ‎ ‎ ‎ ‎ ‎ ‎ ‎ ‎ ‎ ‎ ‎ ‎ ‎ ‎ ‎ ‎ ‎ ‎ ‎ ‎ ‎ ‎ ‎ ‎ ‎ ‎ ‎ ‎ ‎ ‎ ‎ ‎ ‎ ‎ ‎ ‎ ‎ ‎ ‎ ‎ ‎ ‎ ‎ ‎ ‎ ‎ ‎ ‎ ‎ ‎ ‎ ‎ ‎ ‎ ‎ ‎ ‎ ‎ Hazte Socio Diamante para disfrutar de ofertas y beneficios exclusivos. ¡Comienza tus 15 días gratis! ‎ ‎ ‎ ‎ ‎ ‎ ‎ ‎ ‎ ‎ ‎ ‎ ‎ ‎ ‎ ‎ ‎ ‎ ‎ ‎ ‎ ‎ ‎ ‎ ‎ ‎ ‎ ‎ ‎ ‎ ‎ ‎ ‎ ‎ ‎ ‎ ‎ ‎ ‎ ‎ ‎ ‎ ‎ ‎ ‎ ‎ ‎ ‎ ‎ ‎ ‎ ‎ ‎ ‎ ‎ ‎ ‎ ‎ ‎ ‎ ‎ ‎ ‎ ‎ ‎ ‎ ‎ ‎ ‎ ‎ Hazte Socio Diamante para disfrutar de ofertas y beneficios exclusivos. ¡Comienza tus 15 días gratis! 📍 Elige un método de entrega Despacho a domicilio o retiro en tienda Club Unimarc Membresía NUEVO Catálogo Locales y horarios Tarjeta Unipay Unired Inicio Desayuno y Dulces Café, té y hierbas Café instantáneo nescafe Café Nescafé tradición lata 170 g 170 g Sku: 000000000000010521-UN $7.990 ($47.000 x kg) Agregar Información del producto Descripción Café Nescafé Tradición el café de todos los días, en una cómoda presentación para llevar contigo a todas partes. Formato 170 g.",,7990,,,,unknown,
‎ ‎ ‎ ‎ ‎ ‎ ‎ ‎ ‎ ‎ ‎ ‎ ‎ ‎ ‎ ‎ ‎ ‎ ‎ ‎ ‎ ‎ ‎ ‎ ‎ ‎ ‎ ‎ ‎ ‎ ‎ ‎ ‎ ‎ ‎ ‎ ‎ ‎ ‎ ‎ ‎ ‎ ‎ ‎ ‎ ‎ ‎ ‎ ‎ ‎ ‎ ‎ ‎ ‎ ‎ ‎ ‎ ‎ ‎ ‎ ‎ ‎ ‎ ‎ ‎ ‎ ‎ ‎ ‎ ‎ Hazte Socio Diamante para disfrutar de ofertas y beneficios ,"‎ ‎ ‎ ‎ ‎ ‎ ‎ ‎ ‎ ‎ ‎ ‎ ‎ ‎ ‎ ‎ ‎ ‎ ‎ ‎ ‎ ‎ ‎ ‎ ‎ ‎ ‎ ‎ ‎ ‎ ‎ ‎ ‎ ‎ ‎ ‎ ‎ ‎ ‎ ‎ ‎ ‎ ‎ ‎ ‎ ‎ ‎ ‎ ‎ ‎ ‎ ‎ ‎ ‎ ‎ ‎ ‎ ‎ ‎ ‎ ‎ ‎ ‎ ‎ ‎ ‎ ‎ ‎ ‎ ‎ Hazte Socio Diamante para disfrutar de ofertas y beneficios exclusivos. ¡Comienza tus 15 días gratis! ‎ ‎ ‎ ‎ ‎ ‎ ‎ ‎ ‎ ‎ ‎ ‎ ‎ ‎ ‎ ‎ ‎ ‎ ‎ ‎ ‎ ‎ ‎ ‎ ‎ ‎ ‎ ‎ ‎ ‎ ‎ ‎ ‎ ‎ ‎ ‎ ‎ ‎ ‎ ‎ ‎ ‎ ‎ ‎ ‎ ‎ ‎ ‎ ‎ ‎ ‎ ‎ ‎ ‎ ‎ ‎ ‎ ‎ ‎ ‎ ‎ ‎ ‎ ‎ ‎ ‎ ‎ ‎ ‎ ‎ Hazte Socio Diamante para disfrutar de ofertas y beneficios exclusivos. ¡Comienza tus 15 días gratis! ‎ ‎ ‎ ‎ ‎ ‎ ‎ ‎ ‎ ‎ ‎ ‎ ‎ ‎ ‎ ‎ ‎ ‎ ‎ ‎ ‎ ‎ ‎ ‎ ‎ ‎ ‎ ‎ ‎ ‎ ‎ ‎ ‎ ‎ ‎ ‎ ‎ ‎ ‎ ‎ ‎ ‎ ‎ ‎ ‎ ‎ ‎ ‎ ‎ ‎ ‎ ‎ ‎ ‎ ‎ ‎ ‎ ‎ ‎ ‎ ‎ ‎ ‎ ‎ ‎ ‎ ‎ ‎ ‎ ‎ Hazte Socio Diamante para disfrutar de ofertas y beneficios exclusivos. ¡Comienza tus 15 días gratis! 📍 Elige un método de entrega Despacho a domicilio o retiro en tienda Club Unimarc Membresía NUEVO Catálogo Locales y horarios Tarjeta Unipay Unired Inicio Desayuno y Dulces Café, té y hierbas Café grano y molido waitrose Café molido Waitrose italiano 227 g 227 g Sku: 000000000000638108-UN $6.490 ($28.590 x kg) Agregar Estilos de alimentación Libre de lactosa Libre de lactosa Libre de soya Libre de huevo Libre de peces Libre de mariscos Libre de frutos secos Libre de maní Libre de nueces Libre de sulfitos Vegano Vegetariano Información del producto Descripción Café Waitrose italiano molida. Características: Café grano y molido - Waitrose - Envase doy pack - Formato familiar - Contenido 227 g. Ingredientes Café de brasil, café de indonesia, café central. Productos similares Agregar copacabana Café molido copacabana 250 g 1 un $4.990 ($19.960 x kg) Agregar marley Café molido orgánico marley buffalo soldier 227 g 1 un $14.590 ($64.273 x kg) Agregar waitrose Café en grano waitrose italian style 227 g 1 un $6.490 ($28.590 x kg) Agregar melitta Café molido melitta especial 500 g 1 un $11.990 ($23.980 x kg) Agregar waitrose Café en grano waitrose french style 227 g 1 un $6.490 ($28.590 x kg) Agregar d aroma Café molido d´aroma forte 250 g 1 un $5.350 ($21.400 x ",,6490,,,,unknown,
‎ ‎ ‎ ‎ ‎ ‎ ‎ ‎ ‎ ‎ ‎ ‎ ‎ ‎ ‎ ‎ ‎ ‎ ‎ ‎ ‎ ‎ ‎ ‎ ‎ ‎ ‎ ‎ ‎ ‎ ‎ ‎ ‎ ‎ ‎ ‎ ‎ ‎ ‎ ‎ ‎ ‎ ‎ ‎ ‎ ‎ ‎ ‎ ‎ ‎ ‎ ‎ ‎ ‎ ‎ ‎ ‎ ‎ ‎ ‎ ‎ ‎ ‎ ‎ ‎ ‎ ‎ ‎ ‎ ‎ Hazte Socio Diamante para disfrutar de ofertas y beneficios ,"‎ ‎ ‎ ‎ ‎ ‎ ‎ ‎ ‎ ‎ ‎ ‎ ‎ ‎ ‎ ‎ ‎ ‎ ‎ ‎ ‎ ‎ ‎ ‎ ‎ ‎ ‎ ‎ ‎ ‎ ‎ ‎ ‎ ‎ ‎ ‎ ‎ ‎ ‎ ‎ ‎ ‎ ‎ ‎ ‎ ‎ ‎ ‎ ‎ ‎ ‎ ‎ ‎ ‎ ‎ ‎ ‎ ‎ ‎ ‎ ‎ ‎ ‎ ‎ ‎ ‎ ‎ ‎ ‎ ‎ Hazte Socio Diamante para disfrutar de ofertas y beneficios exclusivos. ¡Comienza tus 15 días gratis! ‎ ‎ ‎ ‎ ‎ ‎ ‎ ‎ ‎ ‎ ‎ ‎ ‎ ‎ ‎ ‎ ‎ ‎ ‎ ‎ ‎ ‎ ‎ ‎ ‎ ‎ ‎ ‎ ‎ ‎ ‎ ‎ ‎ ‎ ‎ ‎ ‎ ‎ ‎ ‎ ‎ ‎ ‎ ‎ ‎ ‎ ‎ ‎ ‎ ‎ ‎ ‎ ‎ ‎ ‎ ‎ ‎ ‎ ‎ ‎ ‎ ‎ ‎ ‎ ‎ ‎ ‎ ‎ ‎ ‎ Hazte Socio Diamante para disfrutar de ofertas y beneficios exclusivos. ¡Comienza tus 15 días gratis! ‎ ‎ ‎ ‎ ‎ ‎ ‎ ‎ ‎ ‎ ‎ ‎ ‎ ‎ ‎ ‎ ‎ ‎ ‎ ‎ ‎ ‎ ‎ ‎ ‎ ‎ ‎ ‎ ‎ ‎ ‎ ‎ ‎ ‎ ‎ ‎ ‎ ‎ ‎ ‎ ‎ ‎ ‎ ‎ ‎ ‎ ‎ ‎ ‎ ‎ ‎ ‎ ‎ ‎ ‎ ‎ ‎ ‎ ‎ ‎ ‎ ‎ ‎ ‎ ‎ ‎ ‎ ‎ ‎ ‎ Hazte Socio Diamante para disfrutar de ofertas y beneficios exclusivos. ¡Comienza tus 15 días gratis! 📍 Elige un método de entrega Despacho a domicilio o retiro en tienda Club Unimarc Membresía NUEVO Catálogo Locales y horarios Tarjeta Unipay Unired Inicio Unimarc Unimarc marley Café molido orgánico Marley buffalo soldier 227 g 227 g Sku: 000000000000920132-UN $14.590 ($64.273 x kg) Agregar Información del producto Descripción Una mezcla nacida de la naturaleza, que ofrece un aroma y sabor intensos para disfrutar en cualquier momento. Tiene un matiz ahumado y chocolateado. Este es el sabor perfecto para aquellos que buscan un café tostado que les energice durante el día, acompañado de su música favorita. Este envase contiene 227 gramos de café molido. Loading... Loading... Loading... Loading... Loading... Loading... Loading... Loading... Loading... Loading... Loading... Loading... Loading... Loading... Loading... Loading... Loading... Loading... Loading... Loading... Loading... Loading... Loading... Loading...",,14590,,,,unknown,
0,"0 BUSCAR PRODUCTOS Ingresa 0 $0 M.N Estás en: La Comer Coyoacán La Comer Tecnológico Toluca La Comer Altaria Aguascalientes La Comer Bosque Esmeralda La Comer Bosque Real La Comer CDMX Sur La Comer Cabo San Lucas La Comer Cascada Los Cabos La Comer Coyoacán La Comer Del Valle La Comer Diana Cuernavaca La Comer El Refugio Qro La Comer Estadio Qro La Comer Iguala La Comer Insurgentes La Comer Irapuato La Comer Iztapalapa Las Torres La Comer Juriquilla La Comer Lago Alberto La Comer Las Animas La Comer Lomas Anáhuac La Comer Manzanillo La Comer Morelia La Comer Nuevo Vallarta La Comer Olivar La Comer Pozuelos Guanajuato La Comer Puebla La Comer Pueblo Nuevo Qro La Comer San Juan del Río La Comer San Miguel de Allende La Comer Santa María La Ribera La Comer Tlalpan La Comer Torres de Satélite La Comer Tultitlán La Comer Uruapan La Comer Vallarta Fluvial La Comer Valle Dorado La Comer Villa Coapa La Comer Zaragoza Qro La Comer Álamos Parque Qro La Comer Coyoacán Dirección MIGUEL ANGEL DE QUEVEDO 443, ROMERO DE TERREROS, 4310 COYOACAN, MEXICO, CIUDAD DE MÉXICO ¡Deseo comprar aquí! Toggle navigation Departamentos Departamentos Sitios de Información Monedero Naranja En tu casa Plus La Comer Card Recetas Spooky Season Departamentos Sitios de Información Recetas Spooky Season Estas en: La Comer Coyoacán Inicio Cafe Soluble Cafe Soluble Negro Café 180 grs REGRESAR $132.00 M.N. $105.90 M.N. pieza Piezas Agregar PRESENTACIÓN/ENVASE: FRASCO x Promociones Cerrar Más información TAMBIÉN TE PUEDE INTERESAR Cafe soluble NEGRO CAFÉ 90 GRS x $74.90 M.N. $60.00 M.N. x Piezas Piezas Agregar $74.90 M.N. $74.90 M.N. Cafe soluble NEGRO CAFÉ 45 GRS x $42.90 M.N. $34.90 M.N. x Piezas Piezas Agregar $42.90 M.N. $42.90 M.N. Cafe soluble ORO 180 GRS x $133.00 M.N. x Piezas Piezas Agregar $133.00 M.N. Cafe soluble ORO 100 GRS x $87.50 M.N. x Piezas Piezas Agregar $87.50 M.N. Cafe soluble INTERNACIONAL 180 GRS x $92.00 M.N. x Piezas Piezas Agregar $92.00 M.N. Cafe soluble NESCAFE 120 GRS x $109.00",,0,,,,unknown,
‎ ‎ ‎ ‎ ‎ ‎ ‎ ‎ ‎ ‎ ‎ ‎ ‎ ‎ ‎ ‎ ‎ ‎ ‎ ‎ ‎ ‎ ‎ ‎ ‎ ‎ ‎ ‎ ‎ ‎ ‎ ‎ ‎ ‎ ‎ ‎ ‎ ‎ ‎ ‎ ‎ ‎ ‎ ‎ ‎ ‎ ‎ ‎ ‎ ‎ ‎ ‎ ‎ ‎ ‎ ‎ ‎ ‎ ‎ ‎ ‎ ‎ ‎ ‎ ‎ ‎ ‎ ‎ ‎ ‎ Hazte Socio Diamante para disfrutar de ofertas y beneficios ,"‎ ‎ ‎ ‎ ‎ ‎ ‎ ‎ ‎ ‎ ‎ ‎ ‎ ‎ ‎ ‎ ‎ ‎ ‎ ‎ ‎ ‎ ‎ ‎ ‎ ‎ ‎ ‎ ‎ ‎ ‎ ‎ ‎ ‎ ‎ ‎ ‎ ‎ ‎ ‎ ‎ ‎ ‎ ‎ ‎ ‎ ‎ ‎ ‎ ‎ ‎ ‎ ‎ ‎ ‎ ‎ ‎ ‎ ‎ ‎ ‎ ‎ ‎ ‎ ‎ ‎ ‎ ‎ ‎ ‎ Hazte Socio Diamante para disfrutar de ofertas y beneficios exclusivos. ¡Comienza tus 15 días gratis! ‎ ‎ ‎ ‎ ‎ ‎ ‎ ‎ ‎ ‎ ‎ ‎ ‎ ‎ ‎ ‎ ‎ ‎ ‎ ‎ ‎ ‎ ‎ ‎ ‎ ‎ ‎ ‎ ‎ ‎ ‎ ‎ ‎ ‎ ‎ ‎ ‎ ‎ ‎ ‎ ‎ ‎ ‎ ‎ ‎ ‎ ‎ ‎ ‎ ‎ ‎ ‎ ‎ ‎ ‎ ‎ ‎ ‎ ‎ ‎ ‎ ‎ ‎ ‎ ‎ ‎ ‎ ‎ ‎ ‎ Hazte Socio Diamante para disfrutar de ofertas y beneficios exclusivos. ¡Comienza tus 15 días gratis! ‎ ‎ ‎ ‎ ‎ ‎ ‎ ‎ ‎ ‎ ‎ ‎ ‎ ‎ ‎ ‎ ‎ ‎ ‎ ‎ ‎ ‎ ‎ ‎ ‎ ‎ ‎ ‎ ‎ ‎ ‎ ‎ ‎ ‎ ‎ ‎ ‎ ‎ ‎ ‎ ‎ ‎ ‎ ‎ ‎ ‎ ‎ ‎ ‎ ‎ ‎ ‎ ‎ ‎ ‎ ‎ ‎ ‎ ‎ ‎ ‎ ‎ ‎ ‎ ‎ ‎ ‎ ‎ ‎ ‎ Hazte Socio Diamante para disfrutar de ofertas y beneficios exclusivos. ¡Comienza tus 15 días gratis! 📍 Elige un método de entrega Despacho a domicilio o retiro en tienda Club Unimarc Membresía NUEVO Catálogo Locales y horarios Tarjeta Unipay Unired Inicio Desayuno y Dulces Café, té y hierbas Café grano y molido haiti Café molido Haití mezcla súper moka 250 g 250 g Sku: 000000000000010552-UN $5.450 ($21.800 x kg) Agregar Estilos de alimentación Libre de lactosa Libre de lactosa Libre de soya Libre de huevo Libre de peces Libre de mariscos Libre de frutos secos Libre de maní Libre de nueces Libre de sulfitos Vegano Vegetariano Información del producto Descripción Café de gusto suave y fuertemente aromático producto de una mezcla de cafés provenientes de Colombia, Brasil, Perú y Ecuador. Este café molido ha sido sometido a un proceso de tostado lo que permite obtener un café uniforme y agradable. Características: Café grano y molido - Haití - Envase doy pack - Formato familiar - Contenido 250 g. Ingredientes Café. Tabla nutricional Datos de Nutrición Porción por envase: 25 Porción individual: 10g Nutrientes 100 g 1 porción Energía (kCal) 20 2 Proteínas (g) 2.8 0.3 Grasas Totales (g) 0.5 0.1 H. de C. disponibles (g) 2.4 0.2 Azúcares totales (g) 0 0 Sodio (mg) 1.5 0.2 Productos similares Agregar copacabana Café molido copacabana 250 g 1 un $4.990 ($19.960 x ",,5450,,,,unknown,
‎ ‎ ‎ ‎ ‎ ‎ ‎ ‎ ‎ ‎ ‎ ‎ ‎ ‎ ‎ ‎ ‎ ‎ ‎ ‎ ‎ ‎ ‎ ‎ ‎ ‎ ‎ ‎ ‎ ‎ ‎ ‎ ‎ ‎ ‎ ‎ ‎ ‎ ‎ ‎ ‎ ‎ ‎ ‎ ‎ ‎ ‎ ‎ ‎ ‎ ‎ ‎ ‎ ‎ ‎ ‎ ‎ ‎ ‎ ‎ ‎ ‎ ‎ ‎ ‎ ‎ ‎ ‎ ‎ ‎ Hazte Socio Diamante para disfrutar de ofertas y beneficios ,"‎ ‎ ‎ ‎ ‎ ‎ ‎ ‎ ‎ ‎ ‎ ‎ ‎ ‎ ‎ ‎ ‎ ‎ ‎ ‎ ‎ ‎ ‎ ‎ ‎ ‎ ‎ ‎ ‎ ‎ ‎ ‎ ‎ ‎ ‎ ‎ ‎ ‎ ‎ ‎ ‎ ‎ ‎ ‎ ‎ ‎ ‎ ‎ ‎ ‎ ‎ ‎ ‎ ‎ ‎ ‎ ‎ ‎ ‎ ‎ ‎ ‎ ‎ ‎ ‎ ‎ ‎ ‎ ‎ ‎ Hazte Socio Diamante para disfrutar de ofertas y beneficios exclusivos. ¡Comienza tus 15 días gratis! ‎ ‎ ‎ ‎ ‎ ‎ ‎ ‎ ‎ ‎ ‎ ‎ ‎ ‎ ‎ ‎ ‎ ‎ ‎ ‎ ‎ ‎ ‎ ‎ ‎ ‎ ‎ ‎ ‎ ‎ ‎ ‎ ‎ ‎ ‎ ‎ ‎ ‎ ‎ ‎ ‎ ‎ ‎ ‎ ‎ ‎ ‎ ‎ ‎ ‎ ‎ ‎ ‎ ‎ ‎ ‎ ‎ ‎ ‎ ‎ ‎ ‎ ‎ ‎ ‎ ‎ ‎ ‎ ‎ ‎ Hazte Socio Diamante para disfrutar de ofertas y beneficios exclusivos. ¡Comienza tus 15 días gratis! ‎ ‎ ‎ ‎ ‎ ‎ ‎ ‎ ‎ ‎ ‎ ‎ ‎ ‎ ‎ ‎ ‎ ‎ ‎ ‎ ‎ ‎ ‎ ‎ ‎ ‎ ‎ ‎ ‎ ‎ ‎ ‎ ‎ ‎ ‎ ‎ ‎ ‎ ‎ ‎ ‎ ‎ ‎ ‎ ‎ ‎ ‎ ‎ ‎ ‎ ‎ ‎ ‎ ‎ ‎ ‎ ‎ ‎ ‎ ‎ ‎ ‎ ‎ ‎ ‎ ‎ ‎ ‎ ‎ ‎ Hazte Socio Diamante para disfrutar de ofertas y beneficios exclusivos. ¡Comienza tus 15 días gratis! 📍 Elige un método de entrega Despacho a domicilio o retiro en tienda Club Unimarc Membresía NUEVO Catálogo Locales y horarios Tarjeta Unipay Unired Inicio Desayuno y Dulces Café, té y hierbas Café grano y molido d aroma Café molido D'aroma mezcla excelsor 250 g 250 g Sku: 000000000000323842-UN $5.990 ($23.960 x kg) Agregar Estilos de alimentación Información del producto Descripción Elaborada con la selección y mezcla (blending) de granos de café de variedad arábica, proveniente de distintas haciendas caficultoras de Brasil y Colombia para luego ser tostado en chile por nuestro sistema de tueste al aire el cual retiene todo el aroma del café.100% arábica. Mezcla de variedades arábicas. Cultivado en Brasil y Colombia. Tostado y mezclado en chile. Características: Café grano y molido - Excels - Envase doy pack - Formato familiar - Contenido 250 g. Ingredientes 100% puro café tostado. Tabla nutricional Datos de Nutrición Porción por envase: 25 Porción individual: 10g Nutrientes 100 g 1 porción Energía (kCal) 159 15.9 Proteínas (g) 13.2 1.3 Grasas Totales (g) 7.5 0.8 H. de C. disponibles (g) 9.6 1 Azúcares totales (g) 3.5 0.4 Sodio (mg) 3 0.3 Productos similares Agregar copacabana Café molido copacabana 250 g 1 un $4.990 ($19.960 x kg) Agregar marley Café mo",,5990,,,,unknown,
‎ ‎ ‎ ‎ ‎ ‎ ‎ ‎ ‎ ‎ ‎ ‎ ‎ ‎ ‎ ‎ ‎ ‎ ‎ ‎ ‎ ‎ ‎ ‎ ‎ ‎ ‎ ‎ ‎ ‎ ‎ ‎ ‎ ‎ ‎ ‎ ‎ ‎ ‎ ‎ ‎ ‎ ‎ ‎ ‎ ‎ ‎ ‎ ‎ ‎ ‎ ‎ ‎ ‎ ‎ ‎ ‎ ‎ ‎ ‎ ‎ ‎ ‎ ‎ ‎ ‎ ‎ ‎ ‎ ‎ Hazte Socio Diamante para disfrutar de ofertas y beneficios ,"‎ ‎ ‎ ‎ ‎ ‎ ‎ ‎ ‎ ‎ ‎ ‎ ‎ ‎ ‎ ‎ ‎ ‎ ‎ ‎ ‎ ‎ ‎ ‎ ‎ ‎ ‎ ‎ ‎ ‎ ‎ ‎ ‎ ‎ ‎ ‎ ‎ ‎ ‎ ‎ ‎ ‎ ‎ ‎ ‎ ‎ ‎ ‎ ‎ ‎ ‎ ‎ ‎ ‎ ‎ ‎ ‎ ‎ ‎ ‎ ‎ ‎ ‎ ‎ ‎ ‎ ‎ ‎ ‎ ‎ Hazte Socio Diamante para disfrutar de ofertas y beneficios exclusivos. ¡Comienza tus 15 días gratis! ‎ ‎ ‎ ‎ ‎ ‎ ‎ ‎ ‎ ‎ ‎ ‎ ‎ ‎ ‎ ‎ ‎ ‎ ‎ ‎ ‎ ‎ ‎ ‎ ‎ ‎ ‎ ‎ ‎ ‎ ‎ ‎ ‎ ‎ ‎ ‎ ‎ ‎ ‎ ‎ ‎ ‎ ‎ ‎ ‎ ‎ ‎ ‎ ‎ ‎ ‎ ‎ ‎ ‎ ‎ ‎ ‎ ‎ ‎ ‎ ‎ ‎ ‎ ‎ ‎ ‎ ‎ ‎ ‎ ‎ Hazte Socio Diamante para disfrutar de ofertas y beneficios exclusivos. ¡Comienza tus 15 días gratis! ‎ ‎ ‎ ‎ ‎ ‎ ‎ ‎ ‎ ‎ ‎ ‎ ‎ ‎ ‎ ‎ ‎ ‎ ‎ ‎ ‎ ‎ ‎ ‎ ‎ ‎ ‎ ‎ ‎ ‎ ‎ ‎ ‎ ‎ ‎ ‎ ‎ ‎ ‎ ‎ ‎ ‎ ‎ ‎ ‎ ‎ ‎ ‎ ‎ ‎ ‎ ‎ ‎ ‎ ‎ ‎ ‎ ‎ ‎ ‎ ‎ ‎ ‎ ‎ ‎ ‎ ‎ ‎ ‎ ‎ Hazte Socio Diamante para disfrutar de ofertas y beneficios exclusivos. ¡Comienza tus 15 días gratis! 📍 Elige un método de entrega Despacho a domicilio o retiro en tienda Club Unimarc Membresía NUEVO Catálogo Locales y horarios Tarjeta Unipay Unired Inicio Frutas y Verduras Verduras Verduras frutas y verduras Papas malla 2 Kg 2 Kg Sku: 000000000000038270-UN $1.990 ($995 x kg) Agregar Estilos de alimentación Información del producto Descripción Las papas tienen grandes propiedades curativas, en la medicina china tradicional, utilizan las papas como un alimento con gran poder curativo.Entre sus principales propiedades se encuentran:Protege de enfermedades relacionadas con el páncreas,Trata la debilidad, fatiga, y falta de energía,Da energía al cuerpo,Calma el estómago,Lubrica los intestinos,Promueve los movimientos intestinales. Ingredientes Papas. Productos similares Club Unimarc Agregar frutas y verduras Champiñón bandeja 200 g 1 un 24% $1.290 ($6.450 x kg) $1.690 ($8.450 x kg) Club Unimarc Agregar frutas y verduras Limón malla 1 kg 1 un 6% $1.590 ($1.590 x kg) $1.690 ($1.690 x kg) Agregar frutas y verduras Tomate malla 1 kg 1 un $1.990 ($1.990 x kg) Agregar frutas y verduras Palta hass malla 700 g 1 un $2.850 ($4.071 x kg) Agregar frutas y verduras Lechuga escarola bolsa 1 un 1 unidad $1.350 ($1.350 x Un) Agregar frutas y verduras Tomate larga vida gran",,1990,,,,unknown,
‎ ‎ ‎ ‎ ‎ ‎ ‎ ‎ ‎ ‎ ‎ ‎ ‎ ‎ ‎ ‎ ‎ ‎ ‎ ‎ ‎ ‎ ‎ ‎ ‎ ‎ ‎ ‎ ‎ ‎ ‎ ‎ ‎ ‎ ‎ ‎ ‎ ‎ ‎ ‎ ‎ ‎ ‎ ‎ ‎ ‎ ‎ ‎ ‎ ‎ ‎ ‎ ‎ ‎ ‎ ‎ ‎ ‎ ‎ ‎ ‎ ‎ ‎ ‎ ‎ ‎ ‎ ‎ ‎ ‎ Hazte Socio Diamante para disfrutar de ofertas y beneficios ,"‎ ‎ ‎ ‎ ‎ ‎ ‎ ‎ ‎ ‎ ‎ ‎ ‎ ‎ ‎ ‎ ‎ ‎ ‎ ‎ ‎ ‎ ‎ ‎ ‎ ‎ ‎ ‎ ‎ ‎ ‎ ‎ ‎ ‎ ‎ ‎ ‎ ‎ ‎ ‎ ‎ ‎ ‎ ‎ ‎ ‎ ‎ ‎ ‎ ‎ ‎ ‎ ‎ ‎ ‎ ‎ ‎ ‎ ‎ ‎ ‎ ‎ ‎ ‎ ‎ ‎ ‎ ‎ ‎ ‎ Hazte Socio Diamante para disfrutar de ofertas y beneficios exclusivos. ¡Comienza tus 15 días gratis! ‎ ‎ ‎ ‎ ‎ ‎ ‎ ‎ ‎ ‎ ‎ ‎ ‎ ‎ ‎ ‎ ‎ ‎ ‎ ‎ ‎ ‎ ‎ ‎ ‎ ‎ ‎ ‎ ‎ ‎ ‎ ‎ ‎ ‎ ‎ ‎ ‎ ‎ ‎ ‎ ‎ ‎ ‎ ‎ ‎ ‎ ‎ ‎ ‎ ‎ ‎ ‎ ‎ ‎ ‎ ‎ ‎ ‎ ‎ ‎ ‎ ‎ ‎ ‎ ‎ ‎ ‎ ‎ ‎ ‎ Hazte Socio Diamante para disfrutar de ofertas y beneficios exclusivos. ¡Comienza tus 15 días gratis! ‎ ‎ ‎ ‎ ‎ ‎ ‎ ‎ ‎ ‎ ‎ ‎ ‎ ‎ ‎ ‎ ‎ ‎ ‎ ‎ ‎ ‎ ‎ ‎ ‎ ‎ ‎ ‎ ‎ ‎ ‎ ‎ ‎ ‎ ‎ ‎ ‎ ‎ ‎ ‎ ‎ ‎ ‎ ‎ ‎ ‎ ‎ ‎ ‎ ‎ ‎ ‎ ‎ ‎ ‎ ‎ ‎ ‎ ‎ ‎ ‎ ‎ ‎ ‎ ‎ ‎ ‎ ‎ ‎ ‎ Hazte Socio Diamante para disfrutar de ofertas y beneficios exclusivos. ¡Comienza tus 15 días gratis! 📍 Elige un método de entrega Despacho a domicilio o retiro en tienda Club Unimarc Membresía NUEVO Catálogo Locales y horarios Tarjeta Unipay Unired Inicio Unimarc Unimarc frutas y verduras Papas granel 500 g 500 g Sku: 000000000000544317-KG $525 ($1.050 x kg) Agregar Información del producto Descripción Papas, granel 500 g",,525,,,,unknown,
‎ ‎ ‎ ‎ ‎ ‎ ‎ ‎ ‎ ‎ ‎ ‎ ‎ ‎ ‎ ‎ ‎ ‎ ‎ ‎ ‎ ‎ ‎ ‎ ‎ ‎ ‎ ‎ ‎ ‎ ‎ ‎ ‎ ‎ ‎ ‎ ‎ ‎ ‎ ‎ ‎ ‎ ‎ ‎ ‎ ‎ ‎ ‎ ‎ ‎ ‎ ‎ ‎ ‎ ‎ ‎ ‎ ‎ ‎ ‎ ‎ ‎ ‎ ‎ ‎ ‎ ‎ ‎ ‎ ‎ Hazte Socio Diamante para disfrutar de ofertas y beneficios ,"‎ ‎ ‎ ‎ ‎ ‎ ‎ ‎ ‎ ‎ ‎ ‎ ‎ ‎ ‎ ‎ ‎ ‎ ‎ ‎ ‎ ‎ ‎ ‎ ‎ ‎ ‎ ‎ ‎ ‎ ‎ ‎ ‎ ‎ ‎ ‎ ‎ ‎ ‎ ‎ ‎ ‎ ‎ ‎ ‎ ‎ ‎ ‎ ‎ ‎ ‎ ‎ ‎ ‎ ‎ ‎ ‎ ‎ ‎ ‎ ‎ ‎ ‎ ‎ ‎ ‎ ‎ ‎ ‎ ‎ Hazte Socio Diamante para disfrutar de ofertas y beneficios exclusivos. ¡Comienza tus 15 días gratis! ‎ ‎ ‎ ‎ ‎ ‎ ‎ ‎ ‎ ‎ ‎ ‎ ‎ ‎ ‎ ‎ ‎ ‎ ‎ ‎ ‎ ‎ ‎ ‎ ‎ ‎ ‎ ‎ ‎ ‎ ‎ ‎ ‎ ‎ ‎ ‎ ‎ ‎ ‎ ‎ ‎ ‎ ‎ ‎ ‎ ‎ ‎ ‎ ‎ ‎ ‎ ‎ ‎ ‎ ‎ ‎ ‎ ‎ ‎ ‎ ‎ ‎ ‎ ‎ ‎ ‎ ‎ ‎ ‎ ‎ Hazte Socio Diamante para disfrutar de ofertas y beneficios exclusivos. ¡Comienza tus 15 días gratis! ‎ ‎ ‎ ‎ ‎ ‎ ‎ ‎ ‎ ‎ ‎ ‎ ‎ ‎ ‎ ‎ ‎ ‎ ‎ ‎ ‎ ‎ ‎ ‎ ‎ ‎ ‎ ‎ ‎ ‎ ‎ ‎ ‎ ‎ ‎ ‎ ‎ ‎ ‎ ‎ ‎ ‎ ‎ ‎ ‎ ‎ ‎ ‎ ‎ ‎ ‎ ‎ ‎ ‎ ‎ ‎ ‎ ‎ ‎ ‎ ‎ ‎ ‎ ‎ ‎ ‎ ‎ ‎ ‎ ‎ Hazte Socio Diamante para disfrutar de ofertas y beneficios exclusivos. ¡Comienza tus 15 días gratis! 📍 Elige un método de entrega Despacho a domicilio o retiro en tienda Club Unimarc Membresía NUEVO Catálogo Locales y horarios Tarjeta Unipay Unired Inicio Frutas y Verduras Verduras Verduras frutas y verduras Papas Huertos del Ranco malla 1.3 Kg 1.3 Kg Sku: 000000000000636435-UN $1.350 ($1.038 x kg) Agregar Información del producto Descripción Papas Huertos del Ranco, malla 1.3 Kg Productos similares Club Unimarc Agregar frutas y verduras Limón malla 1 kg 1 un 6% $1.590 ($1.590 x kg) $1.690 ($1.690 x kg) Agregar frutas y verduras Tomate malla 1 kg 1 un $1.990 ($1.990 x kg) Agregar frutas y verduras Palta hass malla 700 g 1 un $2.850 ($4.071 x kg) Agregar frutas y verduras Papas malla 2 kg 1 un $1.990 ($995 x kg) Agregar frutas y verduras Lechuga escarola bolsa 1 un 1 unidad $1.350 ($1.350 x Un) Agregar frutas y verduras Tomate larga vida granel 500 g 500 g $995 ($1.990 x kg) Agregar frutas y verduras Brócoli nacional 1 un 1 unidad $1.690 ($1.690 x Un) Agregar frutas y verduras Cilantro 1 un 1 unidad $990 ($990 x Un) Agregar frutas y verduras Pimentón rojo 1 un 1 unidad $1.790 ($1.790 x Un) Agregar frutas y verduras Zanahoria bolsa 1 kg 1 un $1.290 ($1.290 x kg) Club Unimarc Agregar frutas y verduras Palta hass malla 1 kg 1 un 5% $3.790 ($3.790 x kg) $3.9",,1350,,,,unknown,
‎ ‎ ‎ ‎ ‎ ‎ ‎ ‎ ‎ ‎ ‎ ‎ ‎ ‎ ‎ ‎ ‎ ‎ ‎ ‎ ‎ ‎ ‎ ‎ ‎ ‎ ‎ ‎ ‎ ‎ ‎ ‎ ‎ ‎ ‎ ‎ ‎ ‎ ‎ ‎ ‎ ‎ ‎ ‎ ‎ ‎ ‎ ‎ ‎ ‎ ‎ ‎ ‎ ‎ ‎ ‎ ‎ ‎ ‎ ‎ ‎ ‎ ‎ ‎ ‎ ‎ ‎ ‎ ‎ ‎ Hazte Socio Diamante para disfrutar de ofertas y beneficios ,‎ ‎ ‎ ‎ ‎ ‎ ‎ ‎ ‎ ‎ ‎ ‎ ‎ ‎ ‎ ‎ ‎ ‎ ‎ ‎ ‎ ‎ ‎ ‎ ‎ ‎ ‎ ‎ ‎ ‎ ‎ ‎ ‎ ‎ ‎ ‎ ‎ ‎ ‎ ‎ ‎ ‎ ‎ ‎ ‎ ‎ ‎ ‎ ‎ ‎ ‎ ‎ ‎ ‎ ‎ ‎ ‎ ‎ ‎ ‎ ‎ ‎ ‎ ‎ ‎ ‎ ‎ ‎ ‎ ‎ Hazte Socio Diamante para disfrutar de ofertas y beneficios exclusivos. ¡Comienza tus 15 días gratis! ‎ ‎ ‎ ‎ ‎ ‎ ‎ ‎ ‎ ‎ ‎ ‎ ‎ ‎ ‎ ‎ ‎ ‎ ‎ ‎ ‎ ‎ ‎ ‎ ‎ ‎ ‎ ‎ ‎ ‎ ‎ ‎ ‎ ‎ ‎ ‎ ‎ ‎ ‎ ‎ ‎ ‎ ‎ ‎ ‎ ‎ ‎ ‎ ‎ ‎ ‎ ‎ ‎ ‎ ‎ ‎ ‎ ‎ ‎ ‎ ‎ ‎ ‎ ‎ ‎ ‎ ‎ ‎ ‎ ‎ Hazte Socio Diamante para disfrutar de ofertas y beneficios exclusivos. ¡Comienza tus 15 días gratis! ‎ ‎ ‎ ‎ ‎ ‎ ‎ ‎ ‎ ‎ ‎ ‎ ‎ ‎ ‎ ‎ ‎ ‎ ‎ ‎ ‎ ‎ ‎ ‎ ‎ ‎ ‎ ‎ ‎ ‎ ‎ ‎ ‎ ‎ ‎ ‎ ‎ ‎ ‎ ‎ ‎ ‎ ‎ ‎ ‎ ‎ ‎ ‎ ‎ ‎ ‎ ‎ ‎ ‎ ‎ ‎ ‎ ‎ ‎ ‎ ‎ ‎ ‎ ‎ ‎ ‎ ‎ ‎ ‎ ‎ Hazte Socio Diamante para disfrutar de ofertas y beneficios exclusivos. ¡Comienza tus 15 días gratis! 📍 Elige un método de entrega Despacho a domicilio o retiro en tienda Club Unimarc Membresía NUEVO Catálogo Locales y horarios Tarjeta Unipay Unired Ooops.. 404 Estamos limpiado nuestros pasillos No encontramos lo que estás buscando. Ir al home,,,,,,unknown,
‎ ‎ ‎ ‎ ‎ ‎ ‎ ‎ ‎ ‎ ‎ ‎ ‎ ‎ ‎ ‎ ‎ ‎ ‎ ‎ ‎ ‎ ‎ ‎ ‎ ‎ ‎ ‎ ‎ ‎ ‎ ‎ ‎ ‎ ‎ ‎ ‎ ‎ ‎ ‎ ‎ ‎ ‎ ‎ ‎ ‎ ‎ ‎ ‎ ‎ ‎ ‎ ‎ ‎ ‎ ‎ ‎ ‎ ‎ ‎ ‎ ‎ ‎ ‎ ‎ ‎ ‎ ‎ ‎ ‎ Hazte Socio Diamante para disfrutar de ofertas y beneficios ,"‎ ‎ ‎ ‎ ‎ ‎ ‎ ‎ ‎ ‎ ‎ ‎ ‎ ‎ ‎ ‎ ‎ ‎ ‎ ‎ ‎ ‎ ‎ ‎ ‎ ‎ ‎ ‎ ‎ ‎ ‎ ‎ ‎ ‎ ‎ ‎ ‎ ‎ ‎ ‎ ‎ ‎ ‎ ‎ ‎ ‎ ‎ ‎ ‎ ‎ ‎ ‎ ‎ ‎ ‎ ‎ ‎ ‎ ‎ ‎ ‎ ‎ ‎ ‎ ‎ ‎ ‎ ‎ ‎ ‎ Hazte Socio Diamante para disfrutar de ofertas y beneficios exclusivos. ¡Comienza tus 15 días gratis! ‎ ‎ ‎ ‎ ‎ ‎ ‎ ‎ ‎ ‎ ‎ ‎ ‎ ‎ ‎ ‎ ‎ ‎ ‎ ‎ ‎ ‎ ‎ ‎ ‎ ‎ ‎ ‎ ‎ ‎ ‎ ‎ ‎ ‎ ‎ ‎ ‎ ‎ ‎ ‎ ‎ ‎ ‎ ‎ ‎ ‎ ‎ ‎ ‎ ‎ ‎ ‎ ‎ ‎ ‎ ‎ ‎ ‎ ‎ ‎ ‎ ‎ ‎ ‎ ‎ ‎ ‎ ‎ ‎ ‎ Hazte Socio Diamante para disfrutar de ofertas y beneficios exclusivos. ¡Comienza tus 15 días gratis! ‎ ‎ ‎ ‎ ‎ ‎ ‎ ‎ ‎ ‎ ‎ ‎ ‎ ‎ ‎ ‎ ‎ ‎ ‎ ‎ ‎ ‎ ‎ ‎ ‎ ‎ ‎ ‎ ‎ ‎ ‎ ‎ ‎ ‎ ‎ ‎ ‎ ‎ ‎ ‎ ‎ ‎ ‎ ‎ ‎ ‎ ‎ ‎ ‎ ‎ ‎ ‎ ‎ ‎ ‎ ‎ ‎ ‎ ‎ ‎ ‎ ‎ ‎ ‎ ‎ ‎ ‎ ‎ ‎ ‎ Hazte Socio Diamante para disfrutar de ofertas y beneficios exclusivos. ¡Comienza tus 15 días gratis! 📍 Elige un método de entrega Despacho a domicilio o retiro en tienda Club Unimarc Membresía NUEVO Catálogo Locales y horarios Tarjeta Unipay Unired Inicio Panadería y Pastelería Pan envasado Pan molde y pita ideal Pan molde Ideal blanco grande XL bolsa 750 g 750 g Sku: 000000000000166752-UN $2.890 ($3.853 x kg) Agregar Estilos de alimentación Libre de lactosa Libre de huevo Libre de peces Libre de mariscos Libre de maní Libre de sulfitos Vegano Vegetariano Kosher Información del producto Descripción Pan De Molde Blanco Grande, Con Un 30 % Más De Rebanadas. Producto certificado Kosher.Características: Pan molde y pita - Ideal - Sin sellos - Envase bolsa - Formato familiar - Contenido 752 g. Ingredientes Harina de trigo, agua, levadura, azúcar, aceite de maravilla, tocoferoles, sal, gluten, mono y diglicéridos de ácidos grasos, ácido láctico, ácido sórbico, datem, propionato de calcio, ácido ascórbico, fibra de soya, saborizante natural. Tabla nutricional Datos de Nutrición Porción por envase: 15 Porción individual: 52g Nutrientes 100 g 1 porción Energía (kCal) 257 133.6 Proteínas (g) 9.8 5.1 Grasas Totales (g) 3.3 1.7 Grasas saturadas (g) 0.9 0.5 Grasas monoinsaturadas (g) 0.7 0.4 Grasas poliinsaturadas (g) 1.7 0.9 Grasas trans (g) 0 0 Colesterol (mg) 0 0",,2890,,,,unknown,
‎ ‎ ‎ ‎ ‎ ‎ ‎ ‎ ‎ ‎ ‎ ‎ ‎ ‎ ‎ ‎ ‎ ‎ ‎ ‎ ‎ ‎ ‎ ‎ ‎ ‎ ‎ ‎ ‎ ‎ ‎ ‎ ‎ ‎ ‎ ‎ ‎ ‎ ‎ ‎ ‎ ‎ ‎ ‎ ‎ ‎ ‎ ‎ ‎ ‎ ‎ ‎ ‎ ‎ ‎ ‎ ‎ ‎ ‎ ‎ ‎ ‎ ‎ ‎ ‎ ‎ ‎ ‎ ‎ ‎ Hazte Socio Diamante para disfrutar de ofertas y beneficios ,‎ ‎ ‎ ‎ ‎ ‎ ‎ ‎ ‎ ‎ ‎ ‎ ‎ ‎ ‎ ‎ ‎ ‎ ‎ ‎ ‎ ‎ ‎ ‎ ‎ ‎ ‎ ‎ ‎ ‎ ‎ ‎ ‎ ‎ ‎ ‎ ‎ ‎ ‎ ‎ ‎ ‎ ‎ ‎ ‎ ‎ ‎ ‎ ‎ ‎ ‎ ‎ ‎ ‎ ‎ ‎ ‎ ‎ ‎ ‎ ‎ ‎ ‎ ‎ ‎ ‎ ‎ ‎ ‎ ‎ Hazte Socio Diamante para disfrutar de ofertas y beneficios exclusivos. ¡Comienza tus 15 días gratis! ‎ ‎ ‎ ‎ ‎ ‎ ‎ ‎ ‎ ‎ ‎ ‎ ‎ ‎ ‎ ‎ ‎ ‎ ‎ ‎ ‎ ‎ ‎ ‎ ‎ ‎ ‎ ‎ ‎ ‎ ‎ ‎ ‎ ‎ ‎ ‎ ‎ ‎ ‎ ‎ ‎ ‎ ‎ ‎ ‎ ‎ ‎ ‎ ‎ ‎ ‎ ‎ ‎ ‎ ‎ ‎ ‎ ‎ ‎ ‎ ‎ ‎ ‎ ‎ ‎ ‎ ‎ ‎ ‎ ‎ Hazte Socio Diamante para disfrutar de ofertas y beneficios exclusivos. ¡Comienza tus 15 días gratis! ‎ ‎ ‎ ‎ ‎ ‎ ‎ ‎ ‎ ‎ ‎ ‎ ‎ ‎ ‎ ‎ ‎ ‎ ‎ ‎ ‎ ‎ ‎ ‎ ‎ ‎ ‎ ‎ ‎ ‎ ‎ ‎ ‎ ‎ ‎ ‎ ‎ ‎ ‎ ‎ ‎ ‎ ‎ ‎ ‎ ‎ ‎ ‎ ‎ ‎ ‎ ‎ ‎ ‎ ‎ ‎ ‎ ‎ ‎ ‎ ‎ ‎ ‎ ‎ ‎ ‎ ‎ ‎ ‎ ‎ Hazte Socio Diamante para disfrutar de ofertas y beneficios exclusivos. ¡Comienza tus 15 días gratis! 📍 Elige un método de entrega Despacho a domicilio o retiro en tienda Club Unimarc Membresía NUEVO Catálogo Locales y horarios Tarjeta Unipay Unired Application error: a client-side exception has occurred (see the browser console for more information).,,,,,,unknown,
‎ ‎ ‎ ‎ ‎ ‎ ‎ ‎ ‎ ‎ ‎ ‎ ‎ ‎ ‎ ‎ ‎ ‎ ‎ ‎ ‎ ‎ ‎ ‎ ‎ ‎ ‎ ‎ ‎ ‎ ‎ ‎ ‎ ‎ ‎ ‎ ‎ ‎ ‎ ‎ ‎ ‎ ‎ ‎ ‎ ‎ ‎ ‎ ‎ ‎ ‎ ‎ ‎ ‎ ‎ ‎ ‎ ‎ ‎ ‎ ‎ ‎ ‎ ‎ ‎ ‎ ‎ ‎ ‎ ‎ Hazte Socio Diamante para disfrutar de ofertas y beneficios ,"‎ ‎ ‎ ‎ ‎ ‎ ‎ ‎ ‎ ‎ ‎ ‎ ‎ ‎ ‎ ‎ ‎ ‎ ‎ ‎ ‎ ‎ ‎ ‎ ‎ ‎ ‎ ‎ ‎ ‎ ‎ ‎ ‎ ‎ ‎ ‎ ‎ ‎ ‎ ‎ ‎ ‎ ‎ ‎ ‎ ‎ ‎ ‎ ‎ ‎ ‎ ‎ ‎ ‎ ‎ ‎ ‎ ‎ ‎ ‎ ‎ ‎ ‎ ‎ ‎ ‎ ‎ ‎ ‎ ‎ Hazte Socio Diamante para disfrutar de ofertas y beneficios exclusivos. ¡Comienza tus 15 días gratis! ‎ ‎ ‎ ‎ ‎ ‎ ‎ ‎ ‎ ‎ ‎ ‎ ‎ ‎ ‎ ‎ ‎ ‎ ‎ ‎ ‎ ‎ ‎ ‎ ‎ ‎ ‎ ‎ ‎ ‎ ‎ ‎ ‎ ‎ ‎ ‎ ‎ ‎ ‎ ‎ ‎ ‎ ‎ ‎ ‎ ‎ ‎ ‎ ‎ ‎ ‎ ‎ ‎ ‎ ‎ ‎ ‎ ‎ ‎ ‎ ‎ ‎ ‎ ‎ ‎ ‎ ‎ ‎ ‎ ‎ Hazte Socio Diamante para disfrutar de ofertas y beneficios exclusivos. ¡Comienza tus 15 días gratis! ‎ ‎ ‎ ‎ ‎ ‎ ‎ ‎ ‎ ‎ ‎ ‎ ‎ ‎ ‎ ‎ ‎ ‎ ‎ ‎ ‎ ‎ ‎ ‎ ‎ ‎ ‎ ‎ ‎ ‎ ‎ ‎ ‎ ‎ ‎ ‎ ‎ ‎ ‎ ‎ ‎ ‎ ‎ ‎ ‎ ‎ ‎ ‎ ‎ ‎ ‎ ‎ ‎ ‎ ‎ ‎ ‎ ‎ ‎ ‎ ‎ ‎ ‎ ‎ ‎ ‎ ‎ ‎ ‎ ‎ Hazte Socio Diamante para disfrutar de ofertas y beneficios exclusivos. ¡Comienza tus 15 días gratis! 📍 Elige un método de entrega Despacho a domicilio o retiro en tienda Club Unimarc Membresía NUEVO Catálogo Locales y horarios Tarjeta Unipay Unired Inicio Panadería y Pastelería Pan envasado Pan molde y pita fuchs Pan molde Fuchs integral con masa madre bolsa 650 g 650 g Sku: 000000000000026931-UN $3.150 ($4.846 x kg) Agregar Estilos de alimentación Libre de lactosa Libre de huevo Libre de peces Libre de mariscos Libre de maní Libre de sulfitos Vegano Vegetariano Kosher Información del producto Descripción Pan molde Fuchs integral con masa madre bolsa 650 g Ingredientes Harina de trigo integral de grano entero, harina de trigo, agua, levadura, gluten, masa madre (5%) (harina de trigo fermentada), azúcar, fibra de trigo, sal, aceite de maravilla (tocoferoles), harina de cebada tostada, harina de centeno fermentada, harina de centeno tostada, ácido láctico, ácido ascórbico de origen natural, saborizante natural, fibra de soya. Tabla nutricional Datos de Nutrición Porción por envase: 12 Porción individual: 57g Nutrientes 100 g 1 porción Energía (kCal) 244 139.1 Proteínas (g) 13 7.4 Grasas Totales (g) 2.2 1.3 Grasas saturadas (g) 0.4 0.2 Grasas monoinsaturadas (g) 0.4 0.2 Grasas poliinsaturadas (g) 1.1 0.6 Grasas trans (g) 0 0 Colesterol (mg) 0 0 H. de C. di",,3150,,,,unknown,
‎ ‎ ‎ ‎ ‎ ‎ ‎ ‎ ‎ ‎ ‎ ‎ ‎ ‎ ‎ ‎ ‎ ‎ ‎ ‎ ‎ ‎ ‎ ‎ ‎ ‎ ‎ ‎ ‎ ‎ ‎ ‎ ‎ ‎ ‎ ‎ ‎ ‎ ‎ ‎ ‎ ‎ ‎ ‎ ‎ ‎ ‎ ‎ ‎ ‎ ‎ ‎ ‎ ‎ ‎ ‎ ‎ ‎ ‎ ‎ ‎ ‎ ‎ ‎ ‎ ‎ ‎ ‎ ‎ ‎ Hazte Socio Diamante para disfrutar de ofertas y beneficios ,"‎ ‎ ‎ ‎ ‎ ‎ ‎ ‎ ‎ ‎ ‎ ‎ ‎ ‎ ‎ ‎ ‎ ‎ ‎ ‎ ‎ ‎ ‎ ‎ ‎ ‎ ‎ ‎ ‎ ‎ ‎ ‎ ‎ ‎ ‎ ‎ ‎ ‎ ‎ ‎ ‎ ‎ ‎ ‎ ‎ ‎ ‎ ‎ ‎ ‎ ‎ ‎ ‎ ‎ ‎ ‎ ‎ ‎ ‎ ‎ ‎ ‎ ‎ ‎ ‎ ‎ ‎ ‎ ‎ ‎ Hazte Socio Diamante para disfrutar de ofertas y beneficios exclusivos. ¡Comienza tus 15 días gratis! ‎ ‎ ‎ ‎ ‎ ‎ ‎ ‎ ‎ ‎ ‎ ‎ ‎ ‎ ‎ ‎ ‎ ‎ ‎ ‎ ‎ ‎ ‎ ‎ ‎ ‎ ‎ ‎ ‎ ‎ ‎ ‎ ‎ ‎ ‎ ‎ ‎ ‎ ‎ ‎ ‎ ‎ ‎ ‎ ‎ ‎ ‎ ‎ ‎ ‎ ‎ ‎ ‎ ‎ ‎ ‎ ‎ ‎ ‎ ‎ ‎ ‎ ‎ ‎ ‎ ‎ ‎ ‎ ‎ ‎ Hazte Socio Diamante para disfrutar de ofertas y beneficios exclusivos. ¡Comienza tus 15 días gratis! ‎ ‎ ‎ ‎ ‎ ‎ ‎ ‎ ‎ ‎ ‎ ‎ ‎ ‎ ‎ ‎ ‎ ‎ ‎ ‎ ‎ ‎ ‎ ‎ ‎ ‎ ‎ ‎ ‎ ‎ ‎ ‎ ‎ ‎ ‎ ‎ ‎ ‎ ‎ ‎ ‎ ‎ ‎ ‎ ‎ ‎ ‎ ‎ ‎ ‎ ‎ ‎ ‎ ‎ ‎ ‎ ‎ ‎ ‎ ‎ ‎ ‎ ‎ ‎ ‎ ‎ ‎ ‎ ‎ ‎ Hazte Socio Diamante para disfrutar de ofertas y beneficios exclusivos. ¡Comienza tus 15 días gratis! 📍 Elige un método de entrega Despacho a domicilio o retiro en tienda Club Unimarc Membresía NUEVO Catálogo Locales y horarios Tarjeta Unipay Unired Inicio Panadería y Pastelería Pan envasado Pan molde y pita amada masa Pan de molde blanco XL Amada Masa 750 g 750 g Sku: 000000000000651918-UN $2.550 ($3.400 x kg) Agregar Estilos de alimentación Información del producto Descripción Pan de molde Amada Masa blanco XL 750 g Ingredientes Harina de trigo, agua, levadura, azúcar, gluten de trigo, manteca de palma refinada, sal, cloruro de sodio, cloruro de potasio, dióxido de silicio, yodato de potasio, propionato de calcio, fosfato monocálcico, mono y diglicéridos de ácido grasos, ácido láctico, sorbato de potasio, mejorador ésteres de glicerol de ácidos grasos, mejorador ácido diacetiltartárico (datem), carbonato de calcio, enzimas, enzimas, sulfato de amonio, ácido ascórbico. Tabla nutricional Datos de Nutrición Porción por envase: 15 Porción individual: 50g Nutrientes 100 g 1 porción Energía (kCal) 273 136.5 Proteínas (g) 13.7 6.9 Grasas Totales (g) 2.9 1.5 Grasas saturadas (g) 1.1 0.6 Grasas monoinsaturadas (g) 0.8 0.4 Grasas poliinsaturadas (g) 1 0.5 Grasas trans (g) 0.1 0.1 Colesterol (mg) 0.2 0.1 H. de C. disponibles (g) 48.1 24.1 Azúcares totales (g) 6.4",,2550,,,,unknown,
0,"0 BUSCAR PRODUCTOS Ingresa 0 $0 M.N Estás en: La Comer Coyoacán La Comer Tecnológico Toluca La Comer Altaria Aguascalientes La Comer Bosque Esmeralda La Comer Bosque Real La Comer CDMX Sur La Comer Cabo San Lucas La Comer Cascada Los Cabos La Comer Coyoacán La Comer Del Valle La Comer Diana Cuernavaca La Comer El Refugio Qro La Comer Estadio Qro La Comer Iguala La Comer Insurgentes La Comer Irapuato La Comer Iztapalapa Las Torres La Comer Juriquilla La Comer Lago Alberto La Comer Las Animas La Comer Lomas Anáhuac La Comer Manzanillo La Comer Morelia La Comer Nuevo Vallarta La Comer Olivar La Comer Pozuelos Guanajuato La Comer Puebla La Comer Pueblo Nuevo Qro La Comer San Juan del Río La Comer San Miguel de Allende La Comer Santa María La Ribera La Comer Tlalpan La Comer Torres de Satélite La Comer Tultitlán La Comer Uruapan La Comer Vallarta Fluvial La Comer Valle Dorado La Comer Villa Coapa La Comer Zaragoza Qro La Comer Álamos Parque Qro La Comer Coyoacán Dirección MIGUEL ANGEL DE QUEVEDO 443, ROMERO DE TERREROS, 4310 COYOACAN, MEXICO, CIUDAD DE MÉXICO ¡Deseo comprar aquí! Toggle navigation Departamentos Departamentos Sitios de Información Monedero Naranja En tu casa Plus La Comer Card Recetas Spooky Season Departamentos Sitios de Información Recetas Spooky Season Estas en: La Comer Coyoacán Inicio Cafe Soluble Cafe Soluble Tim Hortons Intenso 100 grs REGRESAR $178.50 M.N. pieza Piezas Agregar PRESENTACIÓN/ENVASE: FRASCO x Promociones Cerrar Más información TAMBIÉN TE PUEDE INTERESAR Cafe soluble TIM HORTONS LIGERO 100 GRS x $178.50 M.N. x Piezas Piezas Agregar $178.50 M.N. Cafe soluble TIM HORTONS MEDIO 300 GRS x $462.00 M.N. x Piezas Piezas Agregar $462.00 M.N. Cafe soluble ORO 100 GRS x $87.50 M.N. x Piezas Piezas Agregar $87.50 M.N. Cafe soluble ORO 180 GRS x $133.00 M.N. x Piezas Piezas Agregar $133.00 M.N. Cafe soluble INTERNACIONAL 180 GRS x $92.00 M.N. x Piezas Piezas Agregar $92.00 M.N. Cafe soluble NEGRO CAFÉ 180 GRS x $132.00 M.N. $105.90 M.N. x Piezas ",,0,,,,unknown,
‎ ‎ ‎ ‎ ‎ ‎ ‎ ‎ ‎ ‎ ‎ ‎ ‎ ‎ ‎ ‎ ‎ ‎ ‎ ‎ ‎ ‎ ‎ ‎ ‎ ‎ ‎ ‎ ‎ ‎ ‎ ‎ ‎ ‎ ‎ ‎ ‎ ‎ ‎ ‎ ‎ ‎ ‎ ‎ ‎ ‎ ‎ ‎ ‎ ‎ ‎ ‎ ‎ ‎ ‎ ‎ ‎ ‎ ‎ ‎ ‎ ‎ ‎ ‎ ‎ ‎ ‎ ‎ ‎ ‎ Hazte Socio Diamante para disfrutar de ofertas y beneficios ,"‎ ‎ ‎ ‎ ‎ ‎ ‎ ‎ ‎ ‎ ‎ ‎ ‎ ‎ ‎ ‎ ‎ ‎ ‎ ‎ ‎ ‎ ‎ ‎ ‎ ‎ ‎ ‎ ‎ ‎ ‎ ‎ ‎ ‎ ‎ ‎ ‎ ‎ ‎ ‎ ‎ ‎ ‎ ‎ ‎ ‎ ‎ ‎ ‎ ‎ ‎ ‎ ‎ ‎ ‎ ‎ ‎ ‎ ‎ ‎ ‎ ‎ ‎ ‎ ‎ ‎ ‎ ‎ ‎ ‎ Hazte Socio Diamante para disfrutar de ofertas y beneficios exclusivos. ¡Comienza tus 15 días gratis! ‎ ‎ ‎ ‎ ‎ ‎ ‎ ‎ ‎ ‎ ‎ ‎ ‎ ‎ ‎ ‎ ‎ ‎ ‎ ‎ ‎ ‎ ‎ ‎ ‎ ‎ ‎ ‎ ‎ ‎ ‎ ‎ ‎ ‎ ‎ ‎ ‎ ‎ ‎ ‎ ‎ ‎ ‎ ‎ ‎ ‎ ‎ ‎ ‎ ‎ ‎ ‎ ‎ ‎ ‎ ‎ ‎ ‎ ‎ ‎ ‎ ‎ ‎ ‎ ‎ ‎ ‎ ‎ ‎ ‎ Hazte Socio Diamante para disfrutar de ofertas y beneficios exclusivos. ¡Comienza tus 15 días gratis! ‎ ‎ ‎ ‎ ‎ ‎ ‎ ‎ ‎ ‎ ‎ ‎ ‎ ‎ ‎ ‎ ‎ ‎ ‎ ‎ ‎ ‎ ‎ ‎ ‎ ‎ ‎ ‎ ‎ ‎ ‎ ‎ ‎ ‎ ‎ ‎ ‎ ‎ ‎ ‎ ‎ ‎ ‎ ‎ ‎ ‎ ‎ ‎ ‎ ‎ ‎ ‎ ‎ ‎ ‎ ‎ ‎ ‎ ‎ ‎ ‎ ‎ ‎ ‎ ‎ ‎ ‎ ‎ ‎ ‎ Hazte Socio Diamante para disfrutar de ofertas y beneficios exclusivos. ¡Comienza tus 15 días gratis! 📍 Elige un método de entrega Despacho a domicilio o retiro en tienda Club Unimarc Membresía NUEVO Catálogo Locales y horarios Tarjeta Unipay Unired Inicio Bebidas y Licores Bebidas Bebidas regulares coca cola Bebida Coca Cola original 1.5 L 1.5 litro Sku: 000000000000023002-UN $2.090 ($1.393 x L) Agregar Información del producto Descripción Coca-Cola, chispeante y refrescante, es una bebida magnífica para mantener la energía y combatir el calor. El refresco de cola, es un gran complemento para cualquier ocasión tanto si estás trabajando o en un picnic. Características: Bebidas regulares - Coca Cola - Alto en azúcares - Envase botella - Formato familiar - Contenido 1.5 L. Productos similares Agregar coca cola Bebida coca cola original desechable 3 l 3 litro $3.150 ($1.050 x L) Agregar coca cola Pack bebida coca cola original lata 6 un de 350 ml 2.1 litro $5.890 ($2.805 x L) Club Unimarc Agregar pepsi Bebida pepsi no retornable 3 l 3 litro 2 x $3.990 ($665 x l) $3.190 c/u ($1.063 x l) Club Unimarc Agregar coca cola Bebida coca cola original botella 591 ml 591 ml 2 x $1.890 ($1.599 x l) $1.250 c/u ($2.115 x l) Club Unimarc Agregar kem piña Bebida kem piña no retornable 3 l 3 litro 2 x $4.190 ($698 x l) $3.190 c/u ($1.063 x l) Club Unimarc Agregar limon soda",,2090,,,,unknown,
‎ ‎ ‎ ‎ ‎ ‎ ‎ ‎ ‎ ‎ ‎ ‎ ‎ ‎ ‎ ‎ ‎ ‎ ‎ ‎ ‎ ‎ ‎ ‎ ‎ ‎ ‎ ‎ ‎ ‎ ‎ ‎ ‎ ‎ ‎ ‎ ‎ ‎ ‎ ‎ ‎ ‎ ‎ ‎ ‎ ‎ ‎ ‎ ‎ ‎ ‎ ‎ ‎ ‎ ‎ ‎ ‎ ‎ ‎ ‎ ‎ ‎ ‎ ‎ ‎ ‎ ‎ ‎ ‎ ‎ Hazte Socio Diamante para disfrutar de ofertas y beneficios ,‎ ‎ ‎ ‎ ‎ ‎ ‎ ‎ ‎ ‎ ‎ ‎ ‎ ‎ ‎ ‎ ‎ ‎ ‎ ‎ ‎ ‎ ‎ ‎ ‎ ‎ ‎ ‎ ‎ ‎ ‎ ‎ ‎ ‎ ‎ ‎ ‎ ‎ ‎ ‎ ‎ ‎ ‎ ‎ ‎ ‎ ‎ ‎ ‎ ‎ ‎ ‎ ‎ ‎ ‎ ‎ ‎ ‎ ‎ ‎ ‎ ‎ ‎ ‎ ‎ ‎ ‎ ‎ ‎ ‎ Hazte Socio Diamante para disfrutar de ofertas y beneficios exclusivos. ¡Comienza tus 15 días gratis! ‎ ‎ ‎ ‎ ‎ ‎ ‎ ‎ ‎ ‎ ‎ ‎ ‎ ‎ ‎ ‎ ‎ ‎ ‎ ‎ ‎ ‎ ‎ ‎ ‎ ‎ ‎ ‎ ‎ ‎ ‎ ‎ ‎ ‎ ‎ ‎ ‎ ‎ ‎ ‎ ‎ ‎ ‎ ‎ ‎ ‎ ‎ ‎ ‎ ‎ ‎ ‎ ‎ ‎ ‎ ‎ ‎ ‎ ‎ ‎ ‎ ‎ ‎ ‎ ‎ ‎ ‎ ‎ ‎ ‎ Hazte Socio Diamante para disfrutar de ofertas y beneficios exclusivos. ¡Comienza tus 15 días gratis! ‎ ‎ ‎ ‎ ‎ ‎ ‎ ‎ ‎ ‎ ‎ ‎ ‎ ‎ ‎ ‎ ‎ ‎ ‎ ‎ ‎ ‎ ‎ ‎ ‎ ‎ ‎ ‎ ‎ ‎ ‎ ‎ ‎ ‎ ‎ ‎ ‎ ‎ ‎ ‎ ‎ ‎ ‎ ‎ ‎ ‎ ‎ ‎ ‎ ‎ ‎ ‎ ‎ ‎ ‎ ‎ ‎ ‎ ‎ ‎ ‎ ‎ ‎ ‎ ‎ ‎ ‎ ‎ ‎ ‎ Hazte Socio Diamante para disfrutar de ofertas y beneficios exclusivos. ¡Comienza tus 15 días gratis! 📍 Elige un método de entrega Despacho a domicilio o retiro en tienda Club Unimarc Membresía NUEVO Catálogo Locales y horarios Tarjeta Unipay Unired Application error: a client-side exception has occurred (see the browser console for more information).,,,,,,unknown,
‎ ‎ ‎ ‎ ‎ ‎ ‎ ‎ ‎ ‎ ‎ ‎ ‎ ‎ ‎ ‎ ‎ ‎ ‎ ‎ ‎ ‎ ‎ ‎ ‎ ‎ ‎ ‎ ‎ ‎ ‎ ‎ ‎ ‎ ‎ ‎ ‎ ‎ ‎ ‎ ‎ ‎ ‎ ‎ ‎ ‎ ‎ ‎ ‎ ‎ ‎ ‎ ‎ ‎ ‎ ‎ ‎ ‎ ‎ ‎ ‎ ‎ ‎ ‎ ‎ ‎ ‎ ‎ ‎ ‎ Hazte Socio Diamante para disfrutar de ofertas y beneficios ,"‎ ‎ ‎ ‎ ‎ ‎ ‎ ‎ ‎ ‎ ‎ ‎ ‎ ‎ ‎ ‎ ‎ ‎ ‎ ‎ ‎ ‎ ‎ ‎ ‎ ‎ ‎ ‎ ‎ ‎ ‎ ‎ ‎ ‎ ‎ ‎ ‎ ‎ ‎ ‎ ‎ ‎ ‎ ‎ ‎ ‎ ‎ ‎ ‎ ‎ ‎ ‎ ‎ ‎ ‎ ‎ ‎ ‎ ‎ ‎ ‎ ‎ ‎ ‎ ‎ ‎ ‎ ‎ ‎ ‎ Hazte Socio Diamante para disfrutar de ofertas y beneficios exclusivos. ¡Comienza tus 15 días gratis! ‎ ‎ ‎ ‎ ‎ ‎ ‎ ‎ ‎ ‎ ‎ ‎ ‎ ‎ ‎ ‎ ‎ ‎ ‎ ‎ ‎ ‎ ‎ ‎ ‎ ‎ ‎ ‎ ‎ ‎ ‎ ‎ ‎ ‎ ‎ ‎ ‎ ‎ ‎ ‎ ‎ ‎ ‎ ‎ ‎ ‎ ‎ ‎ ‎ ‎ ‎ ‎ ‎ ‎ ‎ ‎ ‎ ‎ ‎ ‎ ‎ ‎ ‎ ‎ ‎ ‎ ‎ ‎ ‎ ‎ Hazte Socio Diamante para disfrutar de ofertas y beneficios exclusivos. ¡Comienza tus 15 días gratis! ‎ ‎ ‎ ‎ ‎ ‎ ‎ ‎ ‎ ‎ ‎ ‎ ‎ ‎ ‎ ‎ ‎ ‎ ‎ ‎ ‎ ‎ ‎ ‎ ‎ ‎ ‎ ‎ ‎ ‎ ‎ ‎ ‎ ‎ ‎ ‎ ‎ ‎ ‎ ‎ ‎ ‎ ‎ ‎ ‎ ‎ ‎ ‎ ‎ ‎ ‎ ‎ ‎ ‎ ‎ ‎ ‎ ‎ ‎ ‎ ‎ ‎ ‎ ‎ ‎ ‎ ‎ ‎ ‎ ‎ Hazte Socio Diamante para disfrutar de ofertas y beneficios exclusivos. ¡Comienza tus 15 días gratis! 📍 Elige un método de entrega Despacho a domicilio o retiro en tienda Club Unimarc Membresía NUEVO Catálogo Locales y horarios Tarjeta Unipay Unired Inicio Bebidas y Licores Bebidas Bebidas regulares canada dry Bebida Canada Dry ginger ale no retornable 1.5 L 1.5 litro Sku: 000000000000023190-UN $2.150 ($1.433 x L) Agregar Información del producto Descripción Si quieres disfrutar de una bebida que te refresque y a la vez te quite la sed, tienes que elegir Canada Dry Ginger ale. Características: Bebidas regulares - Canda Dry - Alto en azúcares - Envase botella - Formato familiar - Contenido 1.5 L. Productos similares Agregar coca cola Pack bebida coca cola original lata 6 un de 350 ml 2.1 litro $5.890 ($2.805 x L) Club Unimarc Agregar pepsi Bebida pepsi no retornable 3 l 3 litro 2 x $3.990 ($665 x l) $3.190 c/u ($1.063 x l) Club Unimarc Agregar coca cola Bebida coca cola original botella 591 ml 591 ml 2 x $1.890 ($1.599 x l) $1.250 c/u ($2.115 x l) Club Unimarc Agregar kem piña Bebida kem piña no retornable 3 l 3 litro 2 x $4.190 ($698 x l) $3.190 c/u ($1.063 x l) Club Unimarc Agregar limon soda Bebida limón soda no retornable 3 l 3 litro 2 x $4.190 ($698 x l) $3.190 c/u ($1.063 x l) Club Unimarc Agregar pap Bebida pap no retornable 3 l 3 litro 2 x $4.190 ",,2150,,,,unknown,
‎ ‎ ‎ ‎ ‎ ‎ ‎ ‎ ‎ ‎ ‎ ‎ ‎ ‎ ‎ ‎ ‎ ‎ ‎ ‎ ‎ ‎ ‎ ‎ ‎ ‎ ‎ ‎ ‎ ‎ ‎ ‎ ‎ ‎ ‎ ‎ ‎ ‎ ‎ ‎ ‎ ‎ ‎ ‎ ‎ ‎ ‎ ‎ ‎ ‎ ‎ ‎ ‎ ‎ ‎ ‎ ‎ ‎ ‎ ‎ ‎ ‎ ‎ ‎ ‎ ‎ ‎ ‎ ‎ ‎ Hazte Socio Diamante para disfrutar de ofertas y beneficios ,‎ ‎ ‎ ‎ ‎ ‎ ‎ ‎ ‎ ‎ ‎ ‎ ‎ ‎ ‎ ‎ ‎ ‎ ‎ ‎ ‎ ‎ ‎ ‎ ‎ ‎ ‎ ‎ ‎ ‎ ‎ ‎ ‎ ‎ ‎ ‎ ‎ ‎ ‎ ‎ ‎ ‎ ‎ ‎ ‎ ‎ ‎ ‎ ‎ ‎ ‎ ‎ ‎ ‎ ‎ ‎ ‎ ‎ ‎ ‎ ‎ ‎ ‎ ‎ ‎ ‎ ‎ ‎ ‎ ‎ Hazte Socio Diamante para disfrutar de ofertas y beneficios exclusivos. ¡Comienza tus 15 días gratis! ‎ ‎ ‎ ‎ ‎ ‎ ‎ ‎ ‎ ‎ ‎ ‎ ‎ ‎ ‎ ‎ ‎ ‎ ‎ ‎ ‎ ‎ ‎ ‎ ‎ ‎ ‎ ‎ ‎ ‎ ‎ ‎ ‎ ‎ ‎ ‎ ‎ ‎ ‎ ‎ ‎ ‎ ‎ ‎ ‎ ‎ ‎ ‎ ‎ ‎ ‎ ‎ ‎ ‎ ‎ ‎ ‎ ‎ ‎ ‎ ‎ ‎ ‎ ‎ ‎ ‎ ‎ ‎ ‎ ‎ Hazte Socio Diamante para disfrutar de ofertas y beneficios exclusivos. ¡Comienza tus 15 días gratis! ‎ ‎ ‎ ‎ ‎ ‎ ‎ ‎ ‎ ‎ ‎ ‎ ‎ ‎ ‎ ‎ ‎ ‎ ‎ ‎ ‎ ‎ ‎ ‎ ‎ ‎ ‎ ‎ ‎ ‎ ‎ ‎ ‎ ‎ ‎ ‎ ‎ ‎ ‎ ‎ ‎ ‎ ‎ ‎ ‎ ‎ ‎ ‎ ‎ ‎ ‎ ‎ ‎ ‎ ‎ ‎ ‎ ‎ ‎ ‎ ‎ ‎ ‎ ‎ ‎ ‎ ‎ ‎ ‎ ‎ Hazte Socio Diamante para disfrutar de ofertas y beneficios exclusivos. ¡Comienza tus 15 días gratis! 📍 Elige un método de entrega Despacho a domicilio o retiro en tienda Club Unimarc Membresía NUEVO Catálogo Locales y horarios Tarjeta Unipay Unired Application error: a client-side exception has occurred (see the browser console for more information).,,,,,,unknown,
‎ ‎ ‎ ‎ ‎ ‎ ‎ ‎ ‎ ‎ ‎ ‎ ‎ ‎ ‎ ‎ ‎ ‎ ‎ ‎ ‎ ‎ ‎ ‎ ‎ ‎ ‎ ‎ ‎ ‎ ‎ ‎ ‎ ‎ ‎ ‎ ‎ ‎ ‎ ‎ ‎ ‎ ‎ ‎ ‎ ‎ ‎ ‎ ‎ ‎ ‎ ‎ ‎ ‎ ‎ ‎ ‎ ‎ ‎ ‎ ‎ ‎ ‎ ‎ ‎ ‎ ‎ ‎ ‎ ‎ Hazte Socio Diamante para disfrutar de ofertas y beneficios ,‎ ‎ ‎ ‎ ‎ ‎ ‎ ‎ ‎ ‎ ‎ ‎ ‎ ‎ ‎ ‎ ‎ ‎ ‎ ‎ ‎ ‎ ‎ ‎ ‎ ‎ ‎ ‎ ‎ ‎ ‎ ‎ ‎ ‎ ‎ ‎ ‎ ‎ ‎ ‎ ‎ ‎ ‎ ‎ ‎ ‎ ‎ ‎ ‎ ‎ ‎ ‎ ‎ ‎ ‎ ‎ ‎ ‎ ‎ ‎ ‎ ‎ ‎ ‎ ‎ ‎ ‎ ‎ ‎ ‎ Hazte Socio Diamante para disfrutar de ofertas y beneficios exclusivos. ¡Comienza tus 15 días gratis! ‎ ‎ ‎ ‎ ‎ ‎ ‎ ‎ ‎ ‎ ‎ ‎ ‎ ‎ ‎ ‎ ‎ ‎ ‎ ‎ ‎ ‎ ‎ ‎ ‎ ‎ ‎ ‎ ‎ ‎ ‎ ‎ ‎ ‎ ‎ ‎ ‎ ‎ ‎ ‎ ‎ ‎ ‎ ‎ ‎ ‎ ‎ ‎ ‎ ‎ ‎ ‎ ‎ ‎ ‎ ‎ ‎ ‎ ‎ ‎ ‎ ‎ ‎ ‎ ‎ ‎ ‎ ‎ ‎ ‎ Hazte Socio Diamante para disfrutar de ofertas y beneficios exclusivos. ¡Comienza tus 15 días gratis! ‎ ‎ ‎ ‎ ‎ ‎ ‎ ‎ ‎ ‎ ‎ ‎ ‎ ‎ ‎ ‎ ‎ ‎ ‎ ‎ ‎ ‎ ‎ ‎ ‎ ‎ ‎ ‎ ‎ ‎ ‎ ‎ ‎ ‎ ‎ ‎ ‎ ‎ ‎ ‎ ‎ ‎ ‎ ‎ ‎ ‎ ‎ ‎ ‎ ‎ ‎ ‎ ‎ ‎ ‎ ‎ ‎ ‎ ‎ ‎ ‎ ‎ ‎ ‎ ‎ ‎ ‎ ‎ ‎ ‎ Hazte Socio Diamante para disfrutar de ofertas y beneficios exclusivos. ¡Comienza tus 15 días gratis! 📍 Elige un método de entrega Despacho a domicilio o retiro en tienda Club Unimarc Membresía NUEVO Catálogo Locales y horarios Tarjeta Unipay Unired Ooops.. 404 Estamos limpiado nuestros pasillos No encontramos lo que estás buscando. Ir al home,,,,,,unknown,
‎ ‎ ‎ ‎ ‎ ‎ ‎ ‎ ‎ ‎ ‎ ‎ ‎ ‎ ‎ ‎ ‎ ‎ ‎ ‎ ‎ ‎ ‎ ‎ ‎ ‎ ‎ ‎ ‎ ‎ ‎ ‎ ‎ ‎ ‎ ‎ ‎ ‎ ‎ ‎ ‎ ‎ ‎ ‎ ‎ ‎ ‎ ‎ ‎ ‎ ‎ ‎ ‎ ‎ ‎ ‎ ‎ ‎ ‎ ‎ ‎ ‎ ‎ ‎ ‎ ‎ ‎ ‎ ‎ ‎ Hazte Socio Diamante para disfrutar de ofertas y beneficios ,"‎ ‎ ‎ ‎ ‎ ‎ ‎ ‎ ‎ ‎ ‎ ‎ ‎ ‎ ‎ ‎ ‎ ‎ ‎ ‎ ‎ ‎ ‎ ‎ ‎ ‎ ‎ ‎ ‎ ‎ ‎ ‎ ‎ ‎ ‎ ‎ ‎ ‎ ‎ ‎ ‎ ‎ ‎ ‎ ‎ ‎ ‎ ‎ ‎ ‎ ‎ ‎ ‎ ‎ ‎ ‎ ‎ ‎ ‎ ‎ ‎ ‎ ‎ ‎ ‎ ‎ ‎ ‎ ‎ ‎ Hazte Socio Diamante para disfrutar de ofertas y beneficios exclusivos. ¡Comienza tus 15 días gratis! ‎ ‎ ‎ ‎ ‎ ‎ ‎ ‎ ‎ ‎ ‎ ‎ ‎ ‎ ‎ ‎ ‎ ‎ ‎ ‎ ‎ ‎ ‎ ‎ ‎ ‎ ‎ ‎ ‎ ‎ ‎ ‎ ‎ ‎ ‎ ‎ ‎ ‎ ‎ ‎ ‎ ‎ ‎ ‎ ‎ ‎ ‎ ‎ ‎ ‎ ‎ ‎ ‎ ‎ ‎ ‎ ‎ ‎ ‎ ‎ ‎ ‎ ‎ ‎ ‎ ‎ ‎ ‎ ‎ ‎ Hazte Socio Diamante para disfrutar de ofertas y beneficios exclusivos. ¡Comienza tus 15 días gratis! ‎ ‎ ‎ ‎ ‎ ‎ ‎ ‎ ‎ ‎ ‎ ‎ ‎ ‎ ‎ ‎ ‎ ‎ ‎ ‎ ‎ ‎ ‎ ‎ ‎ ‎ ‎ ‎ ‎ ‎ ‎ ‎ ‎ ‎ ‎ ‎ ‎ ‎ ‎ ‎ ‎ ‎ ‎ ‎ ‎ ‎ ‎ ‎ ‎ ‎ ‎ ‎ ‎ ‎ ‎ ‎ ‎ ‎ ‎ ‎ ‎ ‎ ‎ ‎ ‎ ‎ ‎ ‎ ‎ ‎ Hazte Socio Diamante para disfrutar de ofertas y beneficios exclusivos. ¡Comienza tus 15 días gratis! 📍 Elige un método de entrega Despacho a domicilio o retiro en tienda Club Unimarc Membresía NUEVO Catálogo Locales y horarios Tarjeta Unipay Unired Inicio Frutas y Verduras Verduras Verduras frutas y verduras Tomate larga vida granel 500 g 500 g Sku: 000000000000038314-KG $995 ($1.990 x kg) Agregar Información del producto Descripción El tomate es rico en vitaminas y minerales: esta hortaliza aporta vitamina C, un potente antioxidante natural, además de vitamina A, K, hierro y potasio. Productos similares Club Unimarc Agregar frutas y verduras Champiñón bandeja 200 g 1 un 24% $1.290 ($6.450 x kg) $1.690 ($8.450 x kg) Club Unimarc Agregar frutas y verduras Limón malla 1 kg 1 un 6% $1.590 ($1.590 x kg) $1.690 ($1.690 x kg) Agregar frutas y verduras Tomate malla 1 kg 1 un $1.990 ($1.990 x kg) Agregar frutas y verduras Palta hass malla 700 g 1 un $2.850 ($4.071 x kg) Agregar frutas y verduras Papas malla 2 kg 1 un $1.990 ($995 x kg) Agregar frutas y verduras Lechuga escarola bolsa 1 un 1 unidad $1.350 ($1.350 x Un) Agregar frutas y verduras Brócoli nacional 1 un 1 unidad $1.690 ($1.690 x Un) Agregar frutas y verduras Cilantro 1 un 1 unidad $990 ($990 x Un) Agregar frutas y verduras Pimentón rojo 1 un 1 unidad $1.790 ($1.790 x Un) Agregar frutas y verduras Za",,995,,,,unknown,
‎ ‎ ‎ ‎ ‎ ‎ ‎ ‎ ‎ ‎ ‎ ‎ ‎ ‎ ‎ ‎ ‎ ‎ ‎ ‎ ‎ ‎ ‎ ‎ ‎ ‎ ‎ ‎ ‎ ‎ ‎ ‎ ‎ ‎ ‎ ‎ ‎ ‎ ‎ ‎ ‎ ‎ ‎ ‎ ‎ ‎ ‎ ‎ ‎ ‎ ‎ ‎ ‎ ‎ ‎ ‎ ‎ ‎ ‎ ‎ ‎ ‎ ‎ ‎ ‎ ‎ ‎ ‎ ‎ ‎ Hazte Socio Diamante para disfrutar de ofertas y beneficios ,‎ ‎ ‎ ‎ ‎ ‎ ‎ ‎ ‎ ‎ ‎ ‎ ‎ ‎ ‎ ‎ ‎ ‎ ‎ ‎ ‎ ‎ ‎ ‎ ‎ ‎ ‎ ‎ ‎ ‎ ‎ ‎ ‎ ‎ ‎ ‎ ‎ ‎ ‎ ‎ ‎ ‎ ‎ ‎ ‎ ‎ ‎ ‎ ‎ ‎ ‎ ‎ ‎ ‎ ‎ ‎ ‎ ‎ ‎ ‎ ‎ ‎ ‎ ‎ ‎ ‎ ‎ ‎ ‎ ‎ Hazte Socio Diamante para disfrutar de ofertas y beneficios exclusivos. ¡Comienza tus 15 días gratis! ‎ ‎ ‎ ‎ ‎ ‎ ‎ ‎ ‎ ‎ ‎ ‎ ‎ ‎ ‎ ‎ ‎ ‎ ‎ ‎ ‎ ‎ ‎ ‎ ‎ ‎ ‎ ‎ ‎ ‎ ‎ ‎ ‎ ‎ ‎ ‎ ‎ ‎ ‎ ‎ ‎ ‎ ‎ ‎ ‎ ‎ ‎ ‎ ‎ ‎ ‎ ‎ ‎ ‎ ‎ ‎ ‎ ‎ ‎ ‎ ‎ ‎ ‎ ‎ ‎ ‎ ‎ ‎ ‎ ‎ Hazte Socio Diamante para disfrutar de ofertas y beneficios exclusivos. ¡Comienza tus 15 días gratis! ‎ ‎ ‎ ‎ ‎ ‎ ‎ ‎ ‎ ‎ ‎ ‎ ‎ ‎ ‎ ‎ ‎ ‎ ‎ ‎ ‎ ‎ ‎ ‎ ‎ ‎ ‎ ‎ ‎ ‎ ‎ ‎ ‎ ‎ ‎ ‎ ‎ ‎ ‎ ‎ ‎ ‎ ‎ ‎ ‎ ‎ ‎ ‎ ‎ ‎ ‎ ‎ ‎ ‎ ‎ ‎ ‎ ‎ ‎ ‎ ‎ ‎ ‎ ‎ ‎ ‎ ‎ ‎ ‎ ‎ Hazte Socio Diamante para disfrutar de ofertas y beneficios exclusivos. ¡Comienza tus 15 días gratis! 📍 Elige un método de entrega Despacho a domicilio o retiro en tienda Club Unimarc Membresía NUEVO Catálogo Locales y horarios Tarjeta Unipay Unired Inicio Frutas y Verduras Verduras Verduras frutas y verduras Tomate malla 1 Kg 1 Kg Sku: 000000000000038313-UN $1.990 ($1.990 x kg) Agregar Estilos de alimentación Información del producto Descripción Tomate malla 1 Kg Ingredientes Tomate larga vida. Productos similares Club Unimarc Agregar frutas y verduras Champiñón bandeja 200 g 1 un 24% $1.290 ($6.450 x kg) $1.690 ($8.450 x kg) Club Unimarc Agregar frutas y verduras Limón malla 1 kg 1 un 6% $1.590 ($1.590 x kg) $1.690 ($1.690 x kg) Agregar frutas y verduras Palta hass malla 700 g 1 un $2.850 ($4.071 x kg) Agregar frutas y verduras Papas malla 2 kg 1 un $1.990 ($995 x kg) Agregar frutas y verduras Lechuga escarola bolsa 1 un 1 unidad $1.350 ($1.350 x Un) Agregar frutas y verduras Tomate larga vida granel 500 g 500 g $995 ($1.990 x kg) Agregar frutas y verduras Brócoli nacional 1 un 1 unidad $1.690 ($1.690 x Un) Agregar frutas y verduras Cilantro 1 un 1 unidad $990 ($990 x Un) Agregar frutas y verduras Pimentón rojo 1 un 1 unidad $1.790 ($1.790 x Un) Agregar frutas y verduras Zanahoria bolsa 1 kg 1 un $1.290 ($1.290 x kg) Club Unimarc Agregar frutas y verdu,,1990,,,,unknown,
‎ ‎ ‎ ‎ ‎ ‎ ‎ ‎ ‎ ‎ ‎ ‎ ‎ ‎ ‎ ‎ ‎ ‎ ‎ ‎ ‎ ‎ ‎ ‎ ‎ ‎ ‎ ‎ ‎ ‎ ‎ ‎ ‎ ‎ ‎ ‎ ‎ ‎ ‎ ‎ ‎ ‎ ‎ ‎ ‎ ‎ ‎ ‎ ‎ ‎ ‎ ‎ ‎ ‎ ‎ ‎ ‎ ‎ ‎ ‎ ‎ ‎ ‎ ‎ ‎ ‎ ‎ ‎ ‎ ‎ Hazte Socio Diamante para disfrutar de ofertas y beneficios ,‎ ‎ ‎ ‎ ‎ ‎ ‎ ‎ ‎ ‎ ‎ ‎ ‎ ‎ ‎ ‎ ‎ ‎ ‎ ‎ ‎ ‎ ‎ ‎ ‎ ‎ ‎ ‎ ‎ ‎ ‎ ‎ ‎ ‎ ‎ ‎ ‎ ‎ ‎ ‎ ‎ ‎ ‎ ‎ ‎ ‎ ‎ ‎ ‎ ‎ ‎ ‎ ‎ ‎ ‎ ‎ ‎ ‎ ‎ ‎ ‎ ‎ ‎ ‎ ‎ ‎ ‎ ‎ ‎ ‎ Hazte Socio Diamante para disfrutar de ofertas y beneficios exclusivos. ¡Comienza tus 15 días gratis! ‎ ‎ ‎ ‎ ‎ ‎ ‎ ‎ ‎ ‎ ‎ ‎ ‎ ‎ ‎ ‎ ‎ ‎ ‎ ‎ ‎ ‎ ‎ ‎ ‎ ‎ ‎ ‎ ‎ ‎ ‎ ‎ ‎ ‎ ‎ ‎ ‎ ‎ ‎ ‎ ‎ ‎ ‎ ‎ ‎ ‎ ‎ ‎ ‎ ‎ ‎ ‎ ‎ ‎ ‎ ‎ ‎ ‎ ‎ ‎ ‎ ‎ ‎ ‎ ‎ ‎ ‎ ‎ ‎ ‎ Hazte Socio Diamante para disfrutar de ofertas y beneficios exclusivos. ¡Comienza tus 15 días gratis! ‎ ‎ ‎ ‎ ‎ ‎ ‎ ‎ ‎ ‎ ‎ ‎ ‎ ‎ ‎ ‎ ‎ ‎ ‎ ‎ ‎ ‎ ‎ ‎ ‎ ‎ ‎ ‎ ‎ ‎ ‎ ‎ ‎ ‎ ‎ ‎ ‎ ‎ ‎ ‎ ‎ ‎ ‎ ‎ ‎ ‎ ‎ ‎ ‎ ‎ ‎ ‎ ‎ ‎ ‎ ‎ ‎ ‎ ‎ ‎ ‎ ‎ ‎ ‎ ‎ ‎ ‎ ‎ ‎ ‎ Hazte Socio Diamante para disfrutar de ofertas y beneficios exclusivos. ¡Comienza tus 15 días gratis! 📍 Elige un método de entrega Despacho a domicilio o retiro en tienda Club Unimarc Membresía NUEVO Catálogo Locales y horarios Tarjeta Unipay Unired Inicio Frutas y Verduras Verduras Verduras agricola ramos Tomate regy Agrícola Ramos 300 g 300 g Sku: 000000000000651906-UN $1.990 ($6.633 x kg) Agregar Estilos de alimentación Información del producto Descripción Tomate regy Agrícola Ramos 300 g Ingredientes Tomate cocktail regy. Productos similares Club Unimarc Agregar frutas y verduras Limón malla 1 kg 1 un 6% $1.590 ($1.590 x kg) $1.690 ($1.690 x kg) Agregar frutas y verduras Tomate malla 1 kg 1 un $1.990 ($1.990 x kg) Agregar frutas y verduras Palta hass malla 700 g 1 un $2.850 ($4.071 x kg) Agregar frutas y verduras Papas malla 2 kg 1 un $1.990 ($995 x kg) Agregar frutas y verduras Lechuga escarola bolsa 1 un 1 unidad $1.350 ($1.350 x Un) Agregar frutas y verduras Tomate larga vida granel 500 g 500 g $995 ($1.990 x kg) Agregar frutas y verduras Brócoli nacional 1 un 1 unidad $1.690 ($1.690 x Un) Agregar frutas y verduras Cilantro 1 un 1 unidad $990 ($990 x Un) Agregar frutas y verduras Pimentón rojo 1 un 1 unidad $1.790 ($1.790 x Un) Agregar frutas y verduras Zanahoria bolsa 1 kg 1 un $1.290 ($1.290 x kg) Club Unimarc Agregar frutas y verduras Palta has,,1990,,,,unknown,
‎ ‎ ‎ ‎ ‎ ‎ ‎ ‎ ‎ ‎ ‎ ‎ ‎ ‎ ‎ ‎ ‎ ‎ ‎ ‎ ‎ ‎ ‎ ‎ ‎ ‎ ‎ ‎ ‎ ‎ ‎ ‎ ‎ ‎ ‎ ‎ ‎ ‎ ‎ ‎ ‎ ‎ ‎ ‎ ‎ ‎ ‎ ‎ ‎ ‎ ‎ ‎ ‎ ‎ ‎ ‎ ‎ ‎ ‎ ‎ ‎ ‎ ‎ ‎ ‎ ‎ ‎ ‎ ‎ ‎ Hazte Socio Diamante para disfrutar de ofertas y beneficios ,‎ ‎ ‎ ‎ ‎ ‎ ‎ ‎ ‎ ‎ ‎ ‎ ‎ ‎ ‎ ‎ ‎ ‎ ‎ ‎ ‎ ‎ ‎ ‎ ‎ ‎ ‎ ‎ ‎ ‎ ‎ ‎ ‎ ‎ ‎ ‎ ‎ ‎ ‎ ‎ ‎ ‎ ‎ ‎ ‎ ‎ ‎ ‎ ‎ ‎ ‎ ‎ ‎ ‎ ‎ ‎ ‎ ‎ ‎ ‎ ‎ ‎ ‎ ‎ ‎ ‎ ‎ ‎ ‎ ‎ Hazte Socio Diamante para disfrutar de ofertas y beneficios exclusivos. ¡Comienza tus 15 días gratis! ‎ ‎ ‎ ‎ ‎ ‎ ‎ ‎ ‎ ‎ ‎ ‎ ‎ ‎ ‎ ‎ ‎ ‎ ‎ ‎ ‎ ‎ ‎ ‎ ‎ ‎ ‎ ‎ ‎ ‎ ‎ ‎ ‎ ‎ ‎ ‎ ‎ ‎ ‎ ‎ ‎ ‎ ‎ ‎ ‎ ‎ ‎ ‎ ‎ ‎ ‎ ‎ ‎ ‎ ‎ ‎ ‎ ‎ ‎ ‎ ‎ ‎ ‎ ‎ ‎ ‎ ‎ ‎ ‎ ‎ Hazte Socio Diamante para disfrutar de ofertas y beneficios exclusivos. ¡Comienza tus 15 días gratis! ‎ ‎ ‎ ‎ ‎ ‎ ‎ ‎ ‎ ‎ ‎ ‎ ‎ ‎ ‎ ‎ ‎ ‎ ‎ ‎ ‎ ‎ ‎ ‎ ‎ ‎ ‎ ‎ ‎ ‎ ‎ ‎ ‎ ‎ ‎ ‎ ‎ ‎ ‎ ‎ ‎ ‎ ‎ ‎ ‎ ‎ ‎ ‎ ‎ ‎ ‎ ‎ ‎ ‎ ‎ ‎ ‎ ‎ ‎ ‎ ‎ ‎ ‎ ‎ ‎ ‎ ‎ ‎ ‎ ‎ Hazte Socio Diamante para disfrutar de ofertas y beneficios exclusivos. ¡Comienza tus 15 días gratis! 📍 Elige un método de entrega Despacho a domicilio o retiro en tienda Club Unimarc Membresía NUEVO Catálogo Locales y horarios Tarjeta Unipay Unired Inicio Frutas y Verduras Frutas Fruta frutas y verduras Tomate dulce Snacky pote 250 g 250 g Sku: 000000000000639899-UN $1.250 ($5.000 x kg) Agregar Información del producto Descripción Tomate dulce Snacky pote 250 g Productos similares Club Unimarc Agregar frutas y verduras Clementina malla 1 kg 1 un 36% $1.590 ($1.590 x kg) $2.490 ($2.490 x kg) Club Unimarc Agregar frutas y verduras Mangos granel 500 g 500 g 13% $1.295 ($2.590 x kg) $1.495 ($2.990 x kg) Agregar frutas y verduras Frutillas pote 300 g 1 un $2.890 ($9.633 x kg) Agregar frutas y verduras Manzana verde granel 500 g 500 g $1.295 ($2.590 x kg) Agregar frutas y verduras Piña ecuador calibre 6 1 un 1 unidad $2.690 ($2.690 x Un) Agregar frutas y verduras Pera packham granel 500 g 500 g $1.045 ($2.090 x kg) Agregar frutas y verduras Clementinas granel 500 g 500 g $1.345 ($2.690 x kg) Agregar frutas y verduras Manzana royal gala granel 500 g 500 g $1.295 ($2.590 x kg) Agregar frutas y verduras Kiwi bolsa 1 kg 1 unidad $3.290 ($3.290 x Un) Agregar frutas y verduras Manzana fuji granel 500 g 500 g $1.295 ($2.590 x kg) Agregar frutas y verduras Plátano gr,,1250,,,,unknown,
‎ ‎ ‎ ‎ ‎ ‎ ‎ ‎ ‎ ‎ ‎ ‎ ‎ ‎ ‎ ‎ ‎ ‎ ‎ ‎ ‎ ‎ ‎ ‎ ‎ ‎ ‎ ‎ ‎ ‎ ‎ ‎ ‎ ‎ ‎ ‎ ‎ ‎ ‎ ‎ ‎ ‎ ‎ ‎ ‎ ‎ ‎ ‎ ‎ ‎ ‎ ‎ ‎ ‎ ‎ ‎ ‎ ‎ ‎ ‎ ‎ ‎ ‎ ‎ ‎ ‎ ‎ ‎ ‎ ‎ Hazte Socio Diamante para disfrutar de ofertas y beneficios ,‎ ‎ ‎ ‎ ‎ ‎ ‎ ‎ ‎ ‎ ‎ ‎ ‎ ‎ ‎ ‎ ‎ ‎ ‎ ‎ ‎ ‎ ‎ ‎ ‎ ‎ ‎ ‎ ‎ ‎ ‎ ‎ ‎ ‎ ‎ ‎ ‎ ‎ ‎ ‎ ‎ ‎ ‎ ‎ ‎ ‎ ‎ ‎ ‎ ‎ ‎ ‎ ‎ ‎ ‎ ‎ ‎ ‎ ‎ ‎ ‎ ‎ ‎ ‎ ‎ ‎ ‎ ‎ ‎ ‎ Hazte Socio Diamante para disfrutar de ofertas y beneficios exclusivos. ¡Comienza tus 15 días gratis! ‎ ‎ ‎ ‎ ‎ ‎ ‎ ‎ ‎ ‎ ‎ ‎ ‎ ‎ ‎ ‎ ‎ ‎ ‎ ‎ ‎ ‎ ‎ ‎ ‎ ‎ ‎ ‎ ‎ ‎ ‎ ‎ ‎ ‎ ‎ ‎ ‎ ‎ ‎ ‎ ‎ ‎ ‎ ‎ ‎ ‎ ‎ ‎ ‎ ‎ ‎ ‎ ‎ ‎ ‎ ‎ ‎ ‎ ‎ ‎ ‎ ‎ ‎ ‎ ‎ ‎ ‎ ‎ ‎ ‎ Hazte Socio Diamante para disfrutar de ofertas y beneficios exclusivos. ¡Comienza tus 15 días gratis! ‎ ‎ ‎ ‎ ‎ ‎ ‎ ‎ ‎ ‎ ‎ ‎ ‎ ‎ ‎ ‎ ‎ ‎ ‎ ‎ ‎ ‎ ‎ ‎ ‎ ‎ ‎ ‎ ‎ ‎ ‎ ‎ ‎ ‎ ‎ ‎ ‎ ‎ ‎ ‎ ‎ ‎ ‎ ‎ ‎ ‎ ‎ ‎ ‎ ‎ ‎ ‎ ‎ ‎ ‎ ‎ ‎ ‎ ‎ ‎ ‎ ‎ ‎ ‎ ‎ ‎ ‎ ‎ ‎ ‎ Hazte Socio Diamante para disfrutar de ofertas y beneficios exclusivos. ¡Comienza tus 15 días gratis! 📍 Elige un método de entrega Despacho a domicilio o retiro en tienda Club Unimarc Membresía NUEVO Catálogo Locales y horarios Tarjeta Unipay Unired Application error: a client-side exception has occurred (see the browser console for more information).,,,,,,unknown,
NaN,"NaN BUSCAR PRODUCTOS Ingresa $ M.N Estás en: La Comer Coyoacán La Comer Tecnológico Toluca La Comer Altaria Aguascalientes La Comer Bosque Esmeralda La Comer Bosque Real La Comer CDMX Sur La Comer Cabo San Lucas La Comer Cascada Los Cabos La Comer Coyoacán La Comer Del Valle La Comer Diana Cuernavaca La Comer El Refugio Qro La Comer Estadio Qro La Comer Iguala La Comer Insurgentes La Comer Irapuato La Comer Iztapalapa Las Torres La Comer Juriquilla La Comer Lago Alberto La Comer Las Animas La Comer Lomas Anáhuac La Comer Manzanillo La Comer Morelia La Comer Nuevo Vallarta La Comer Olivar La Comer Pozuelos Guanajuato La Comer Puebla La Comer Pueblo Nuevo Qro La Comer San Juan del Río La Comer San Miguel de Allende La Comer Santa María La Ribera La Comer Tlalpan La Comer Torres de Satélite La Comer Tultitlán La Comer Uruapan La Comer Vallarta Fluvial La Comer Valle Dorado La Comer Villa Coapa La Comer Zaragoza Qro La Comer Álamos Parque Qro La Comer Coyoacán Dirección MIGUEL ANGEL DE QUEVEDO 443, ROMERO DE TERREROS, 4310 COYOACAN, MEXICO, CIUDAD DE MÉXICO ¡Deseo comprar aquí! Toggle navigation Departamentos Departamentos Sitios de Información En tu casa Plus Recetas Spooky Season Departamentos Sitios de Información Recetas Spooky Season Estas en: La Comer Coyoacán Inicio Cafe Soluble Cafe Soluble Oro 180 grs REGRESAR $133.00 M.N. pieza Piezas Agregar PRESENTACIÓN/ENVASE: FRASCO x Promociones Cerrar Más información TAMBIÉN TE PUEDE INTERESAR Cafe soluble ORO 100 GRS x $87.50 M.N. x Piezas Piezas Agregar $87.50 M.N. Cafe soluble ORO 50 GRS x $46.00 M.N. x Piezas Piezas Agregar $46.00 M.N. Cafe soluble ORO 175 GRS x $128.00 M.N. x Piezas Piezas Agregar $128.00 M.N. Cafe soluble ORO 160 GRS x $134.00 M.N. x Piezas Piezas Agregar $136.00 M.N. Cafe soluble ORO 75 GRS x $77.00 M.N. x Piezas Piezas Agregar $77.00 M.N. Cafe soluble NEGRO CAFÉ 180 GRS x $132.00 M.N. $105.90 M.N. x Piezas Piezas Agregar $132.00 M.N. $132.00 M.N. Cafe soluble NEGRO CAFÉ 90 GRS x $74.90 M.N. $60.0",,13300,,,,unknown,
‎ ‎ ‎ ‎ ‎ ‎ ‎ ‎ ‎ ‎ ‎ ‎ ‎ ‎ ‎ ‎ ‎ ‎ ‎ ‎ ‎ ‎ ‎ ‎ ‎ ‎ ‎ ‎ ‎ ‎ ‎ ‎ ‎ ‎ ‎ ‎ ‎ ‎ ‎ ‎ ‎ ‎ ‎ ‎ ‎ ‎ ‎ ‎ ‎ ‎ ‎ ‎ ‎ ‎ ‎ ‎ ‎ ‎ ‎ ‎ ‎ ‎ ‎ ‎ ‎ ‎ ‎ ‎ ‎ ‎ Hazte Socio Diamante para disfrutar de ofertas y beneficios ,"‎ ‎ ‎ ‎ ‎ ‎ ‎ ‎ ‎ ‎ ‎ ‎ ‎ ‎ ‎ ‎ ‎ ‎ ‎ ‎ ‎ ‎ ‎ ‎ ‎ ‎ ‎ ‎ ‎ ‎ ‎ ‎ ‎ ‎ ‎ ‎ ‎ ‎ ‎ ‎ ‎ ‎ ‎ ‎ ‎ ‎ ‎ ‎ ‎ ‎ ‎ ‎ ‎ ‎ ‎ ‎ ‎ ‎ ‎ ‎ ‎ ‎ ‎ ‎ ‎ ‎ ‎ ‎ ‎ ‎ Hazte Socio Diamante para disfrutar de ofertas y beneficios exclusivos. ¡Comienza tus 15 días gratis! ‎ ‎ ‎ ‎ ‎ ‎ ‎ ‎ ‎ ‎ ‎ ‎ ‎ ‎ ‎ ‎ ‎ ‎ ‎ ‎ ‎ ‎ ‎ ‎ ‎ ‎ ‎ ‎ ‎ ‎ ‎ ‎ ‎ ‎ ‎ ‎ ‎ ‎ ‎ ‎ ‎ ‎ ‎ ‎ ‎ ‎ ‎ ‎ ‎ ‎ ‎ ‎ ‎ ‎ ‎ ‎ ‎ ‎ ‎ ‎ ‎ ‎ ‎ ‎ ‎ ‎ ‎ ‎ ‎ ‎ Hazte Socio Diamante para disfrutar de ofertas y beneficios exclusivos. ¡Comienza tus 15 días gratis! ‎ ‎ ‎ ‎ ‎ ‎ ‎ ‎ ‎ ‎ ‎ ‎ ‎ ‎ ‎ ‎ ‎ ‎ ‎ ‎ ‎ ‎ ‎ ‎ ‎ ‎ ‎ ‎ ‎ ‎ ‎ ‎ ‎ ‎ ‎ ‎ ‎ ‎ ‎ ‎ ‎ ‎ ‎ ‎ ‎ ‎ ‎ ‎ ‎ ‎ ‎ ‎ ‎ ‎ ‎ ‎ ‎ ‎ ‎ ‎ ‎ ‎ ‎ ‎ ‎ ‎ ‎ ‎ ‎ ‎ Hazte Socio Diamante para disfrutar de ofertas y beneficios exclusivos. ¡Comienza tus 15 días gratis! 📍 Elige un método de entrega Despacho a domicilio o retiro en tienda Club Unimarc Membresía NUEVO Catálogo Locales y horarios Tarjeta Unipay Unired Inicio Lácteos, Huevos y Refrigerados Huevos Huevos gallina yemita Huevos grande blanco Yemita 12 un 12 unidad Sku: 000000000000035512-UN $4.290 ($358 x Un) Agregar Estilos de alimentación Libre de lactosa Libre de lactosa Libre de soya Libre de peces Libre de mariscos Libre de frutos secos Libre de maní Libre de nueces Libre de sulfitos Vegetariano Información del producto Descripción Los huevos Yemita son un alimento completo y nutritivo que aporta alto contenido de proteínas y vitaminas;este tipo de alimento es esencial en la alimentación humana para el crecimiento, desarrollo y buena salud. Características: Huevos gallina - Yemita - Gallina normal - Tipo blanco - Contenido 12 unidades. Ingredientes Huevo. Tabla nutricional Datos de Nutrición Porción por envase: 12 Porción individual: 51g Nutrientes 100 g 1 porción Energía (kCal) 149 76 Proteínas (g) 12 6.1 Grasas Totales (g) 9.8 5 Grasas saturadas (g) 3.7 1.9 Grasas monoinsaturadas (g) 2.8 1.4 Grasas poliinsaturadas (g) 1.4 0.7 Grasas trans (g) 0.1 0.1 Colesterol (mg) 370 188.7 H. de C. disponibles (g) 2.8 1.4 Azúcares totales (g) 0.5 0.3 Sodio (mg) 150 7",,4290,,,,unknown,
‎ ‎ ‎ ‎ ‎ ‎ ‎ ‎ ‎ ‎ ‎ ‎ ‎ ‎ ‎ ‎ ‎ ‎ ‎ ‎ ‎ ‎ ‎ ‎ ‎ ‎ ‎ ‎ ‎ ‎ ‎ ‎ ‎ ‎ ‎ ‎ ‎ ‎ ‎ ‎ ‎ ‎ ‎ ‎ ‎ ‎ ‎ ‎ ‎ ‎ ‎ ‎ ‎ ‎ ‎ ‎ ‎ ‎ ‎ ‎ ‎ ‎ ‎ ‎ ‎ ‎ ‎ ‎ ‎ ‎ Hazte Socio Diamante para disfrutar de ofertas y beneficios ,"‎ ‎ ‎ ‎ ‎ ‎ ‎ ‎ ‎ ‎ ‎ ‎ ‎ ‎ ‎ ‎ ‎ ‎ ‎ ‎ ‎ ‎ ‎ ‎ ‎ ‎ ‎ ‎ ‎ ‎ ‎ ‎ ‎ ‎ ‎ ‎ ‎ ‎ ‎ ‎ ‎ ‎ ‎ ‎ ‎ ‎ ‎ ‎ ‎ ‎ ‎ ‎ ‎ ‎ ‎ ‎ ‎ ‎ ‎ ‎ ‎ ‎ ‎ ‎ ‎ ‎ ‎ ‎ ‎ ‎ Hazte Socio Diamante para disfrutar de ofertas y beneficios exclusivos. ¡Comienza tus 15 días gratis! ‎ ‎ ‎ ‎ ‎ ‎ ‎ ‎ ‎ ‎ ‎ ‎ ‎ ‎ ‎ ‎ ‎ ‎ ‎ ‎ ‎ ‎ ‎ ‎ ‎ ‎ ‎ ‎ ‎ ‎ ‎ ‎ ‎ ‎ ‎ ‎ ‎ ‎ ‎ ‎ ‎ ‎ ‎ ‎ ‎ ‎ ‎ ‎ ‎ ‎ ‎ ‎ ‎ ‎ ‎ ‎ ‎ ‎ ‎ ‎ ‎ ‎ ‎ ‎ ‎ ‎ ‎ ‎ ‎ ‎ Hazte Socio Diamante para disfrutar de ofertas y beneficios exclusivos. ¡Comienza tus 15 días gratis! ‎ ‎ ‎ ‎ ‎ ‎ ‎ ‎ ‎ ‎ ‎ ‎ ‎ ‎ ‎ ‎ ‎ ‎ ‎ ‎ ‎ ‎ ‎ ‎ ‎ ‎ ‎ ‎ ‎ ‎ ‎ ‎ ‎ ‎ ‎ ‎ ‎ ‎ ‎ ‎ ‎ ‎ ‎ ‎ ‎ ‎ ‎ ‎ ‎ ‎ ‎ ‎ ‎ ‎ ‎ ‎ ‎ ‎ ‎ ‎ ‎ ‎ ‎ ‎ ‎ ‎ ‎ ‎ ‎ ‎ Hazte Socio Diamante para disfrutar de ofertas y beneficios exclusivos. ¡Comienza tus 15 días gratis! 📍 Elige un método de entrega Despacho a domicilio o retiro en tienda Club Unimarc Membresía NUEVO Catálogo Locales y horarios Tarjeta Unipay Unired Inicio Lácteos, Huevos y Refrigerados Huevos Huevos gallina santa marta Huevo extra color Santa Marta 20 un 20 unidad Sku: 000000000000661878-UN $7.390 ($370 x Un) Agregar Información del producto Descripción Huevo extra color Santa Marta 20 un Productos similares Agregar nuestra cocina Huevos nuestra cocina color extra 20 un 20 unidad $6.890 ($345 x Un) Club Unimarc Agregar nuestra cocina Huevos nuestra cocina blanco extra 20 un 20 unidad 5% $6.490 ($325 x un) $6.850 ($343 x un) Club Unimarc Agregar nuestra cocina Huevos nuestra cocina blanco grande 12 un 12 unidad 8% $3.690 ($308 x un) $3.990 ($333 x un) Club Unimarc Agregar nuestra cocina Huevos nuestra cocina blanco mediano 30 un 30 unidad 5% $8.490 ($283 x un) $8.950 ($298 x un) Agregar santa elvira Huevo color santa elvira grande bandeja 30 un 30 unidad $9.490 ($316 x Un) Club Unimarc Agregar huevos de talca Huevos mediano blanco de talca 30 un 30 unidad 7% $7.790 ($260 x un) $8.390 ($280 x un) Agregar cintazul Huevos extra blanco grande cintazul 20 un 20 unidad $7.450 ($373 x Un) Club Unimarc Agregar nuestra cocina Huevos blanco nuestra cocina grande b",,7390,,,,unknown,
‎ ‎ ‎ ‎ ‎ ‎ ‎ ‎ ‎ ‎ ‎ ‎ ‎ ‎ ‎ ‎ ‎ ‎ ‎ ‎ ‎ ‎ ‎ ‎ ‎ ‎ ‎ ‎ ‎ ‎ ‎ ‎ ‎ ‎ ‎ ‎ ‎ ‎ ‎ ‎ ‎ ‎ ‎ ‎ ‎ ‎ ‎ ‎ ‎ ‎ ‎ ‎ ‎ ‎ ‎ ‎ ‎ ‎ ‎ ‎ ‎ ‎ ‎ ‎ ‎ ‎ ‎ ‎ ‎ ‎ Hazte Socio Diamante para disfrutar de ofertas y beneficios ,"‎ ‎ ‎ ‎ ‎ ‎ ‎ ‎ ‎ ‎ ‎ ‎ ‎ ‎ ‎ ‎ ‎ ‎ ‎ ‎ ‎ ‎ ‎ ‎ ‎ ‎ ‎ ‎ ‎ ‎ ‎ ‎ ‎ ‎ ‎ ‎ ‎ ‎ ‎ ‎ ‎ ‎ ‎ ‎ ‎ ‎ ‎ ‎ ‎ ‎ ‎ ‎ ‎ ‎ ‎ ‎ ‎ ‎ ‎ ‎ ‎ ‎ ‎ ‎ ‎ ‎ ‎ ‎ ‎ ‎ Hazte Socio Diamante para disfrutar de ofertas y beneficios exclusivos. ¡Comienza tus 15 días gratis! ‎ ‎ ‎ ‎ ‎ ‎ ‎ ‎ ‎ ‎ ‎ ‎ ‎ ‎ ‎ ‎ ‎ ‎ ‎ ‎ ‎ ‎ ‎ ‎ ‎ ‎ ‎ ‎ ‎ ‎ ‎ ‎ ‎ ‎ ‎ ‎ ‎ ‎ ‎ ‎ ‎ ‎ ‎ ‎ ‎ ‎ ‎ ‎ ‎ ‎ ‎ ‎ ‎ ‎ ‎ ‎ ‎ ‎ ‎ ‎ ‎ ‎ ‎ ‎ ‎ ‎ ‎ ‎ ‎ ‎ Hazte Socio Diamante para disfrutar de ofertas y beneficios exclusivos. ¡Comienza tus 15 días gratis! ‎ ‎ ‎ ‎ ‎ ‎ ‎ ‎ ‎ ‎ ‎ ‎ ‎ ‎ ‎ ‎ ‎ ‎ ‎ ‎ ‎ ‎ ‎ ‎ ‎ ‎ ‎ ‎ ‎ ‎ ‎ ‎ ‎ ‎ ‎ ‎ ‎ ‎ ‎ ‎ ‎ ‎ ‎ ‎ ‎ ‎ ‎ ‎ ‎ ‎ ‎ ‎ ‎ ‎ ‎ ‎ ‎ ‎ ‎ ‎ ‎ ‎ ‎ ‎ ‎ ‎ ‎ ‎ ‎ ‎ Hazte Socio Diamante para disfrutar de ofertas y beneficios exclusivos. ¡Comienza tus 15 días gratis! 📍 Elige un método de entrega Despacho a domicilio o retiro en tienda Club Unimarc Membresía NUEVO Catálogo Locales y horarios Tarjeta Unipay Unired Inicio Lácteos, Huevos y Refrigerados Huevos Huevos gallina santa elvira Huevos Santa Elvira grande color 12 un 12 unidad Sku: 000000000000327503-UN $4.880 ($407 x Un) Agregar Información del producto Descripción Huevos Santa Elvira grande color 12 un Productos similares Agregar nuestra cocina Huevos nuestra cocina color extra 20 un 20 unidad $6.890 ($345 x Un) Club Unimarc Agregar nuestra cocina Huevos nuestra cocina blanco extra 20 un 20 unidad 5% $6.490 ($325 x un) $6.850 ($343 x un) Club Unimarc Agregar nuestra cocina Huevos nuestra cocina blanco grande 12 un 12 unidad 8% $3.690 ($308 x un) $3.990 ($333 x un) Club Unimarc Agregar nuestra cocina Huevos nuestra cocina blanco mediano 30 un 30 unidad 5% $8.490 ($283 x un) $8.950 ($298 x un) Agregar santa elvira Huevo color santa elvira grande bandeja 30 un 30 unidad $9.490 ($316 x Un) Club Unimarc Agregar huevos de talca Huevos mediano blanco de talca 30 un 30 unidad 7% $7.790 ($260 x un) $8.390 ($280 x un) Agregar cintazul Huevos extra blanco grande cintazul 20 un 20 unidad $7.450 ($373 x Un) Club Unimarc Agregar nuestra cocina Huevos blanco nuestra cocina g",,4880,,,,unknown,
‎ ‎ ‎ ‎ ‎ ‎ ‎ ‎ ‎ ‎ ‎ ‎ ‎ ‎ ‎ ‎ ‎ ‎ ‎ ‎ ‎ ‎ ‎ ‎ ‎ ‎ ‎ ‎ ‎ ‎ ‎ ‎ ‎ ‎ ‎ ‎ ‎ ‎ ‎ ‎ ‎ ‎ ‎ ‎ ‎ ‎ ‎ ‎ ‎ ‎ ‎ ‎ ‎ ‎ ‎ ‎ ‎ ‎ ‎ ‎ ‎ ‎ ‎ ‎ ‎ ‎ ‎ ‎ ‎ ‎ Hazte Socio Diamante para disfrutar de ofertas y beneficios ,"‎ ‎ ‎ ‎ ‎ ‎ ‎ ‎ ‎ ‎ ‎ ‎ ‎ ‎ ‎ ‎ ‎ ‎ ‎ ‎ ‎ ‎ ‎ ‎ ‎ ‎ ‎ ‎ ‎ ‎ ‎ ‎ ‎ ‎ ‎ ‎ ‎ ‎ ‎ ‎ ‎ ‎ ‎ ‎ ‎ ‎ ‎ ‎ ‎ ‎ ‎ ‎ ‎ ‎ ‎ ‎ ‎ ‎ ‎ ‎ ‎ ‎ ‎ ‎ ‎ ‎ ‎ ‎ ‎ ‎ Hazte Socio Diamante para disfrutar de ofertas y beneficios exclusivos. ¡Comienza tus 15 días gratis! ‎ ‎ ‎ ‎ ‎ ‎ ‎ ‎ ‎ ‎ ‎ ‎ ‎ ‎ ‎ ‎ ‎ ‎ ‎ ‎ ‎ ‎ ‎ ‎ ‎ ‎ ‎ ‎ ‎ ‎ ‎ ‎ ‎ ‎ ‎ ‎ ‎ ‎ ‎ ‎ ‎ ‎ ‎ ‎ ‎ ‎ ‎ ‎ ‎ ‎ ‎ ‎ ‎ ‎ ‎ ‎ ‎ ‎ ‎ ‎ ‎ ‎ ‎ ‎ ‎ ‎ ‎ ‎ ‎ ‎ Hazte Socio Diamante para disfrutar de ofertas y beneficios exclusivos. ¡Comienza tus 15 días gratis! ‎ ‎ ‎ ‎ ‎ ‎ ‎ ‎ ‎ ‎ ‎ ‎ ‎ ‎ ‎ ‎ ‎ ‎ ‎ ‎ ‎ ‎ ‎ ‎ ‎ ‎ ‎ ‎ ‎ ‎ ‎ ‎ ‎ ‎ ‎ ‎ ‎ ‎ ‎ ‎ ‎ ‎ ‎ ‎ ‎ ‎ ‎ ‎ ‎ ‎ ‎ ‎ ‎ ‎ ‎ ‎ ‎ ‎ ‎ ‎ ‎ ‎ ‎ ‎ ‎ ‎ ‎ ‎ ‎ ‎ Hazte Socio Diamante para disfrutar de ofertas y beneficios exclusivos. ¡Comienza tus 15 días gratis! 📍 Elige un método de entrega Despacho a domicilio o retiro en tienda Club Unimarc Membresía NUEVO Catálogo Locales y horarios Tarjeta Unipay Unired Inicio Lácteos, Huevos y Refrigerados Huevos Huevos gallina la granja Huevo grande color La Granja 12 un 12 unidad Sku: 000000000000893518-UN $5.550 ($463 x Un) Agregar Estilos de alimentación Información del producto Descripción Los huevos la granja son de gallinas Libre de Jaula o ?Cage Free? las gallinas viven en galpones 100% libres de jaulas, donde pueden desarrollar comportamientos naturales como perchar, anidar, aletear y socializar con otras gallinas, en un ambiente seguro y protegido. Características: Huevos gallina - La Granja - Gallina normal - Tipo color - Contenido 12 unidades. Ingredientes Huevo. Tabla nutricional Datos de Nutrición Porción por envase: 12 Porción individual: 51g Nutrientes 100 g 1 porción Energía (kCal) 149 76 Proteínas (g) 12 6.1 Grasas Totales (g) 9.8 5 Grasas saturadas (g) 3.7 1.9 Grasas monoinsaturadas (g) 2.8 1.4 Grasas poliinsaturadas (g) 1.4 0.7 Grasas trans (g) 0.1 0.1 Colesterol (mg) 370 188.7 H. de C. disponibles (g) 2.8 1.4 Azúcares totales (g) 0.5 0.2 Sodio (mg) 150 76.5 Productos similares Agregar nuestra cocina Huevos nuestra cocina color extra 20 un 20 unidad $6.8",,5550,,,,unknown,
‎ ‎ ‎ ‎ ‎ ‎ ‎ ‎ ‎ ‎ ‎ ‎ ‎ ‎ ‎ ‎ ‎ ‎ ‎ ‎ ‎ ‎ ‎ ‎ ‎ ‎ ‎ ‎ ‎ ‎ ‎ ‎ ‎ ‎ ‎ ‎ ‎ ‎ ‎ ‎ ‎ ‎ ‎ ‎ ‎ ‎ ‎ ‎ ‎ ‎ ‎ ‎ ‎ ‎ ‎ ‎ ‎ ‎ ‎ ‎ ‎ ‎ ‎ ‎ ‎ ‎ ‎ ‎ ‎ ‎ Hazte Socio Diamante para disfrutar de ofertas y beneficios ,"‎ ‎ ‎ ‎ ‎ ‎ ‎ ‎ ‎ ‎ ‎ ‎ ‎ ‎ ‎ ‎ ‎ ‎ ‎ ‎ ‎ ‎ ‎ ‎ ‎ ‎ ‎ ‎ ‎ ‎ ‎ ‎ ‎ ‎ ‎ ‎ ‎ ‎ ‎ ‎ ‎ ‎ ‎ ‎ ‎ ‎ ‎ ‎ ‎ ‎ ‎ ‎ ‎ ‎ ‎ ‎ ‎ ‎ ‎ ‎ ‎ ‎ ‎ ‎ ‎ ‎ ‎ ‎ ‎ ‎ Hazte Socio Diamante para disfrutar de ofertas y beneficios exclusivos. ¡Comienza tus 15 días gratis! ‎ ‎ ‎ ‎ ‎ ‎ ‎ ‎ ‎ ‎ ‎ ‎ ‎ ‎ ‎ ‎ ‎ ‎ ‎ ‎ ‎ ‎ ‎ ‎ ‎ ‎ ‎ ‎ ‎ ‎ ‎ ‎ ‎ ‎ ‎ ‎ ‎ ‎ ‎ ‎ ‎ ‎ ‎ ‎ ‎ ‎ ‎ ‎ ‎ ‎ ‎ ‎ ‎ ‎ ‎ ‎ ‎ ‎ ‎ ‎ ‎ ‎ ‎ ‎ ‎ ‎ ‎ ‎ ‎ ‎ Hazte Socio Diamante para disfrutar de ofertas y beneficios exclusivos. ¡Comienza tus 15 días gratis! ‎ ‎ ‎ ‎ ‎ ‎ ‎ ‎ ‎ ‎ ‎ ‎ ‎ ‎ ‎ ‎ ‎ ‎ ‎ ‎ ‎ ‎ ‎ ‎ ‎ ‎ ‎ ‎ ‎ ‎ ‎ ‎ ‎ ‎ ‎ ‎ ‎ ‎ ‎ ‎ ‎ ‎ ‎ ‎ ‎ ‎ ‎ ‎ ‎ ‎ ‎ ‎ ‎ ‎ ‎ ‎ ‎ ‎ ‎ ‎ ‎ ‎ ‎ ‎ ‎ ‎ ‎ ‎ ‎ ‎ Hazte Socio Diamante para disfrutar de ofertas y beneficios exclusivos. ¡Comienza tus 15 días gratis! 📍 Elige un método de entrega Despacho a domicilio o retiro en tienda Club Unimarc Membresía NUEVO Catálogo Locales y horarios Tarjeta Unipay Unired Inicio Carnes Pollo Pollo entero Club Unimarc ariztia Pollo entero Ariztía con menudencias (1.5 a 2.5 Kg) 2.5 kg Sku: 000000000000051706-KG 12% $8.975 ($3.590 x kg) $10.225 ($4.090 x kg) Agregar Información del producto Descripción Pollo Entero con menudencia Ariztía. Los precios de los productos son por kilo y el peso indicado es aproximado, por lo que en su boleta se cobrará el peso y valor exacto. Producto sin gluten certificado por fundación convivir. Productos similares Club Unimarc Agregar super pollo Pollo entero super pollo con menudencias 3 kg 3 kg $11.970 ($3.990 x kg) $12.270 ($4.090 x kg)",,8975,,,,unknown,
Se interrumpió la conexión,Se interrumpió la conexión Se detectó un cambio de red. ERR_NETWORK_CHANGED Volver a cargar Se detectó un cambio de red.,,,,,,unknown,
‎ ‎ ‎ ‎ ‎ ‎ ‎ ‎ ‎ ‎ ‎ ‎ ‎ ‎ ‎ ‎ ‎ ‎ ‎ ‎ ‎ ‎ ‎ ‎ ‎ ‎ ‎ ‎ ‎ ‎ ‎ ‎ ‎ ‎ ‎ ‎ ‎ ‎ ‎ ‎ ‎ ‎ ‎ ‎ ‎ ‎ ‎ ‎ ‎ ‎ ‎ ‎ ‎ ‎ ‎ ‎ ‎ ‎ ‎ ‎ ‎ ‎ ‎ ‎ ‎ ‎ ‎ ‎ ‎ ‎ Hazte Socio Diamante para disfrutar de ofertas y beneficios ,"‎ ‎ ‎ ‎ ‎ ‎ ‎ ‎ ‎ ‎ ‎ ‎ ‎ ‎ ‎ ‎ ‎ ‎ ‎ ‎ ‎ ‎ ‎ ‎ ‎ ‎ ‎ ‎ ‎ ‎ ‎ ‎ ‎ ‎ ‎ ‎ ‎ ‎ ‎ ‎ ‎ ‎ ‎ ‎ ‎ ‎ ‎ ‎ ‎ ‎ ‎ ‎ ‎ ‎ ‎ ‎ ‎ ‎ ‎ ‎ ‎ ‎ ‎ ‎ ‎ ‎ ‎ ‎ ‎ ‎ Hazte Socio Diamante para disfrutar de ofertas y beneficios exclusivos. ¡Comienza tus 15 días gratis! ‎ ‎ ‎ ‎ ‎ ‎ ‎ ‎ ‎ ‎ ‎ ‎ ‎ ‎ ‎ ‎ ‎ ‎ ‎ ‎ ‎ ‎ ‎ ‎ ‎ ‎ ‎ ‎ ‎ ‎ ‎ ‎ ‎ ‎ ‎ ‎ ‎ ‎ ‎ ‎ ‎ ‎ ‎ ‎ ‎ ‎ ‎ ‎ ‎ ‎ ‎ ‎ ‎ ‎ ‎ ‎ ‎ ‎ ‎ ‎ ‎ ‎ ‎ ‎ ‎ ‎ ‎ ‎ ‎ ‎ Hazte Socio Diamante para disfrutar de ofertas y beneficios exclusivos. ¡Comienza tus 15 días gratis! ‎ ‎ ‎ ‎ ‎ ‎ ‎ ‎ ‎ ‎ ‎ ‎ ‎ ‎ ‎ ‎ ‎ ‎ ‎ ‎ ‎ ‎ ‎ ‎ ‎ ‎ ‎ ‎ ‎ ‎ ‎ ‎ ‎ ‎ ‎ ‎ ‎ ‎ ‎ ‎ ‎ ‎ ‎ ‎ ‎ ‎ ‎ ‎ ‎ ‎ ‎ ‎ ‎ ‎ ‎ ‎ ‎ ‎ ‎ ‎ ‎ ‎ ‎ ‎ ‎ ‎ ‎ ‎ ‎ ‎ Hazte Socio Diamante para disfrutar de ofertas y beneficios exclusivos. ¡Comienza tus 15 días gratis! 📍 Elige un método de entrega Despacho a domicilio o retiro en tienda Club Unimarc Membresía NUEVO Catálogo Locales y horarios Tarjeta Unipay Unired Inicio Lácteos, Huevos y Refrigerados Leches, cremas y bebidas vegetales Leches blancas Club Unimarc colun Leche entera natural Colun sin tapa 1 L 1 litro Sku: 000000000000007390-UN 11% $1.190 ($1.190 x l) $1.340 ($1.340 x l) Agregar Estilos de alimentación Libre de gluten Libre de soya Libre de huevo Libre de mariscos Libre de frutos secos Libre de maní Libre de nueces Libre de sulfitos Kosher Información del producto Descripción La leche entera de larga vida Colun es elaborada a partir de pura leche natural de vacas sanas que pastan en praderas verdes de la lluviosa región de los Rios de Chile. Producto sin gluten certificado por fundación convivir. Producto certificado Kosher.Características: Leches blancas - Colun - Entera - Sin gluten - Sin sellos - Envase tetra - Formato familiar - Contenido 1 L. Ingredientes Leche fluida natural entera, vitamina d3. Tabla nutricional Datos de Nutrición Porción por envase: 5 Porción individual: 200ml Nutrientes 100 ml 1 porción Energía (kCal) 59 118 Proteínas (g) 3.1 6.2 Grasas Totales (g) 3.1 6.2 Grasas saturadas (g) 2 4 Grasas monoinsaturadas (g) 0.9 1.8 Grasas poliin",,1190,,,,unknown,
‎ ‎ ‎ ‎ ‎ ‎ ‎ ‎ ‎ ‎ ‎ ‎ ‎ ‎ ‎ ‎ ‎ ‎ ‎ ‎ ‎ ‎ ‎ ‎ ‎ ‎ ‎ ‎ ‎ ‎ ‎ ‎ ‎ ‎ ‎ ‎ ‎ ‎ ‎ ‎ ‎ ‎ ‎ ‎ ‎ ‎ ‎ ‎ ‎ ‎ ‎ ‎ ‎ ‎ ‎ ‎ ‎ ‎ ‎ ‎ ‎ ‎ ‎ ‎ ‎ ‎ ‎ ‎ ‎ ‎ Hazte Socio Diamante para disfrutar de ofertas y beneficios ,‎ ‎ ‎ ‎ ‎ ‎ ‎ ‎ ‎ ‎ ‎ ‎ ‎ ‎ ‎ ‎ ‎ ‎ ‎ ‎ ‎ ‎ ‎ ‎ ‎ ‎ ‎ ‎ ‎ ‎ ‎ ‎ ‎ ‎ ‎ ‎ ‎ ‎ ‎ ‎ ‎ ‎ ‎ ‎ ‎ ‎ ‎ ‎ ‎ ‎ ‎ ‎ ‎ ‎ ‎ ‎ ‎ ‎ ‎ ‎ ‎ ‎ ‎ ‎ ‎ ‎ ‎ ‎ ‎ ‎ Hazte Socio Diamante para disfrutar de ofertas y beneficios exclusivos. ¡Comienza tus 15 días gratis! ‎ ‎ ‎ ‎ ‎ ‎ ‎ ‎ ‎ ‎ ‎ ‎ ‎ ‎ ‎ ‎ ‎ ‎ ‎ ‎ ‎ ‎ ‎ ‎ ‎ ‎ ‎ ‎ ‎ ‎ ‎ ‎ ‎ ‎ ‎ ‎ ‎ ‎ ‎ ‎ ‎ ‎ ‎ ‎ ‎ ‎ ‎ ‎ ‎ ‎ ‎ ‎ ‎ ‎ ‎ ‎ ‎ ‎ ‎ ‎ ‎ ‎ ‎ ‎ ‎ ‎ ‎ ‎ ‎ ‎ Hazte Socio Diamante para disfrutar de ofertas y beneficios exclusivos. ¡Comienza tus 15 días gratis! ‎ ‎ ‎ ‎ ‎ ‎ ‎ ‎ ‎ ‎ ‎ ‎ ‎ ‎ ‎ ‎ ‎ ‎ ‎ ‎ ‎ ‎ ‎ ‎ ‎ ‎ ‎ ‎ ‎ ‎ ‎ ‎ ‎ ‎ ‎ ‎ ‎ ‎ ‎ ‎ ‎ ‎ ‎ ‎ ‎ ‎ ‎ ‎ ‎ ‎ ‎ ‎ ‎ ‎ ‎ ‎ ‎ ‎ ‎ ‎ ‎ ‎ ‎ ‎ ‎ ‎ ‎ ‎ ‎ ‎ Hazte Socio Diamante para disfrutar de ofertas y beneficios exclusivos. ¡Comienza tus 15 días gratis! 📍 Elige un método de entrega Despacho a domicilio o retiro en tienda Club Unimarc Membresía NUEVO Catálogo Locales y horarios Tarjeta Unipay Unired Application error: a client-side exception has occurred (see the browser console for more information).,,,,,,unknown,
‎ ‎ ‎ ‎ ‎ ‎ ‎ ‎ ‎ ‎ ‎ ‎ ‎ ‎ ‎ ‎ ‎ ‎ ‎ ‎ ‎ ‎ ‎ ‎ ‎ ‎ ‎ ‎ ‎ ‎ ‎ ‎ ‎ ‎ ‎ ‎ ‎ ‎ ‎ ‎ ‎ ‎ ‎ ‎ ‎ ‎ ‎ ‎ ‎ ‎ ‎ ‎ ‎ ‎ ‎ ‎ ‎ ‎ ‎ ‎ ‎ ‎ ‎ ‎ ‎ ‎ ‎ ‎ ‎ ‎ Hazte Socio Diamante para disfrutar de ofertas y beneficios ,‎ ‎ ‎ ‎ ‎ ‎ ‎ ‎ ‎ ‎ ‎ ‎ ‎ ‎ ‎ ‎ ‎ ‎ ‎ ‎ ‎ ‎ ‎ ‎ ‎ ‎ ‎ ‎ ‎ ‎ ‎ ‎ ‎ ‎ ‎ ‎ ‎ ‎ ‎ ‎ ‎ ‎ ‎ ‎ ‎ ‎ ‎ ‎ ‎ ‎ ‎ ‎ ‎ ‎ ‎ ‎ ‎ ‎ ‎ ‎ ‎ ‎ ‎ ‎ ‎ ‎ ‎ ‎ ‎ ‎ Hazte Socio Diamante para disfrutar de ofertas y beneficios exclusivos. ¡Comienza tus 15 días gratis! ‎ ‎ ‎ ‎ ‎ ‎ ‎ ‎ ‎ ‎ ‎ ‎ ‎ ‎ ‎ ‎ ‎ ‎ ‎ ‎ ‎ ‎ ‎ ‎ ‎ ‎ ‎ ‎ ‎ ‎ ‎ ‎ ‎ ‎ ‎ ‎ ‎ ‎ ‎ ‎ ‎ ‎ ‎ ‎ ‎ ‎ ‎ ‎ ‎ ‎ ‎ ‎ ‎ ‎ ‎ ‎ ‎ ‎ ‎ ‎ ‎ ‎ ‎ ‎ ‎ ‎ ‎ ‎ ‎ ‎ Hazte Socio Diamante para disfrutar de ofertas y beneficios exclusivos. ¡Comienza tus 15 días gratis! ‎ ‎ ‎ ‎ ‎ ‎ ‎ ‎ ‎ ‎ ‎ ‎ ‎ ‎ ‎ ‎ ‎ ‎ ‎ ‎ ‎ ‎ ‎ ‎ ‎ ‎ ‎ ‎ ‎ ‎ ‎ ‎ ‎ ‎ ‎ ‎ ‎ ‎ ‎ ‎ ‎ ‎ ‎ ‎ ‎ ‎ ‎ ‎ ‎ ‎ ‎ ‎ ‎ ‎ ‎ ‎ ‎ ‎ ‎ ‎ ‎ ‎ ‎ ‎ ‎ ‎ ‎ ‎ ‎ ‎ Hazte Socio Diamante para disfrutar de ofertas y beneficios exclusivos. ¡Comienza tus 15 días gratis! 📍 Elige un método de entrega Despacho a domicilio o retiro en tienda Club Unimarc Membresía NUEVO Catálogo Locales y horarios Tarjeta Unipay Unired Ooops.. 404 Estamos limpiado nuestros pasillos No encontramos lo que estás buscando. Ir al home,,,,,,unknown,
‎ ‎ ‎ ‎ ‎ ‎ ‎ ‎ ‎ ‎ ‎ ‎ ‎ ‎ ‎ ‎ ‎ ‎ ‎ ‎ ‎ ‎ ‎ ‎ ‎ ‎ ‎ ‎ ‎ ‎ ‎ ‎ ‎ ‎ ‎ ‎ ‎ ‎ ‎ ‎ ‎ ‎ ‎ ‎ ‎ ‎ ‎ ‎ ‎ ‎ ‎ ‎ ‎ ‎ ‎ ‎ ‎ ‎ ‎ ‎ ‎ ‎ ‎ ‎ ‎ ‎ ‎ ‎ ‎ ‎ Hazte Socio Diamante para disfrutar de ofertas y beneficios ,"‎ ‎ ‎ ‎ ‎ ‎ ‎ ‎ ‎ ‎ ‎ ‎ ‎ ‎ ‎ ‎ ‎ ‎ ‎ ‎ ‎ ‎ ‎ ‎ ‎ ‎ ‎ ‎ ‎ ‎ ‎ ‎ ‎ ‎ ‎ ‎ ‎ ‎ ‎ ‎ ‎ ‎ ‎ ‎ ‎ ‎ ‎ ‎ ‎ ‎ ‎ ‎ ‎ ‎ ‎ ‎ ‎ ‎ ‎ ‎ ‎ ‎ ‎ ‎ ‎ ‎ ‎ ‎ ‎ ‎ Hazte Socio Diamante para disfrutar de ofertas y beneficios exclusivos. ¡Comienza tus 15 días gratis! ‎ ‎ ‎ ‎ ‎ ‎ ‎ ‎ ‎ ‎ ‎ ‎ ‎ ‎ ‎ ‎ ‎ ‎ ‎ ‎ ‎ ‎ ‎ ‎ ‎ ‎ ‎ ‎ ‎ ‎ ‎ ‎ ‎ ‎ ‎ ‎ ‎ ‎ ‎ ‎ ‎ ‎ ‎ ‎ ‎ ‎ ‎ ‎ ‎ ‎ ‎ ‎ ‎ ‎ ‎ ‎ ‎ ‎ ‎ ‎ ‎ ‎ ‎ ‎ ‎ ‎ ‎ ‎ ‎ ‎ Hazte Socio Diamante para disfrutar de ofertas y beneficios exclusivos. ¡Comienza tus 15 días gratis! ‎ ‎ ‎ ‎ ‎ ‎ ‎ ‎ ‎ ‎ ‎ ‎ ‎ ‎ ‎ ‎ ‎ ‎ ‎ ‎ ‎ ‎ ‎ ‎ ‎ ‎ ‎ ‎ ‎ ‎ ‎ ‎ ‎ ‎ ‎ ‎ ‎ ‎ ‎ ‎ ‎ ‎ ‎ ‎ ‎ ‎ ‎ ‎ ‎ ‎ ‎ ‎ ‎ ‎ ‎ ‎ ‎ ‎ ‎ ‎ ‎ ‎ ‎ ‎ ‎ ‎ ‎ ‎ ‎ ‎ Hazte Socio Diamante para disfrutar de ofertas y beneficios exclusivos. ¡Comienza tus 15 días gratis! 📍 Elige un método de entrega Despacho a domicilio o retiro en tienda Club Unimarc Membresía NUEVO Catálogo Locales y horarios Tarjeta Unipay Unired Inicio Lácteos, Huevos y Refrigerados Leches, cremas y bebidas vegetales Leches sin lactosa loncoleche Leche entera sin lactosa Loncoleche con tapa 1 L 1 litro Sku: 000000000000158375-UN $1.400 ($1.400 x L) Agregar Estilos de alimentación Información del producto Descripción La mayoría de la población adulta en el mundo no digiere adecuadamente la lactosa de la leche, es por eso que la leche sin lactosa entera Loncoleche entrega una alternativa a las personas que tienen este problema. Producto sin gluten certificado por fundación convivir. Producto certificado Kosher.Características: Leche sin lactosa - Loncoleche - Entera - Sin lactosa - Sin sellos - Envase Caja - Formato familiar - Contenido 1 L. Ingredientes Leche fluida natural entera, enzima lactasa, maltodextrina, vitamina d3 (colecalciferol). Tabla nutricional Datos de Nutrición Porción por envase: 5 Porción individual: 200ml Nutrientes 100 ml 1 porción Energía (kCal) 59 118 Proteínas (g) 3.1 6.2 Grasas Totales (g) 3.1 6.2 Grasas saturadas (g) 2 4 Grasas monoinsaturadas (g) 0.9 1.8 Grasas poliinsaturadas (g) 0.2 0.4 Grasas trans (g) 0.1 0.2 Colesterol ",,1400,,,,unknown,
0,"0 BUSCAR PRODUCTOS Ingresa 0 $0 M.N Estás en: La Comer Coyoacán La Comer Tecnológico Toluca La Comer Altaria Aguascalientes La Comer Bosque Esmeralda La Comer Bosque Real La Comer CDMX Sur La Comer Cabo San Lucas La Comer Cascada Los Cabos La Comer Coyoacán La Comer Del Valle La Comer Diana Cuernavaca La Comer El Refugio Qro La Comer Estadio Qro La Comer Iguala La Comer Insurgentes La Comer Irapuato La Comer Iztapalapa Las Torres La Comer Juriquilla La Comer Lago Alberto La Comer Las Animas La Comer Lomas Anáhuac La Comer Manzanillo La Comer Morelia La Comer Nuevo Vallarta La Comer Olivar La Comer Pozuelos Guanajuato La Comer Puebla La Comer Pueblo Nuevo Qro La Comer San Juan del Río La Comer San Miguel de Allende La Comer Santa María La Ribera La Comer Tlalpan La Comer Torres de Satélite La Comer Tultitlán La Comer Uruapan La Comer Vallarta Fluvial La Comer Valle Dorado La Comer Villa Coapa La Comer Zaragoza Qro La Comer Álamos Parque Qro La Comer Coyoacán Dirección MIGUEL ANGEL DE QUEVEDO 443, ROMERO DE TERREROS, 4310 COYOACAN, MEXICO, CIUDAD DE MÉXICO ¡Deseo comprar aquí! Toggle navigation Departamentos Departamentos Sitios de Información Monedero Naranja En tu casa Plus La Comer Card Recetas Spooky Season Departamentos Sitios de Información Recetas Spooky Season Estas en: La Comer Coyoacán Inicio No se encuentra el producto en esta tienda REGRESAR Copyright © La Comer. Todos los derechos reservados. Bienvenidas las tarjetas: 24/04/2019 1.0 Al navegar en este sitio aceptas las cookies que utilizamos para mejorar tu experiencia. ACEPTO",,0,,,,unknown,
‎ ‎ ‎ ‎ ‎ ‎ ‎ ‎ ‎ ‎ ‎ ‎ ‎ ‎ ‎ ‎ ‎ ‎ ‎ ‎ ‎ ‎ ‎ ‎ ‎ ‎ ‎ ‎ ‎ ‎ ‎ ‎ ‎ ‎ ‎ ‎ ‎ ‎ ‎ ‎ ‎ ‎ ‎ ‎ ‎ ‎ ‎ ‎ ‎ ‎ ‎ ‎ ‎ ‎ ‎ ‎ ‎ ‎ ‎ ‎ ‎ ‎ ‎ ‎ ‎ ‎ ‎ ‎ ‎ ‎ Hazte Socio Diamante para disfrutar de ofertas y beneficios ,‎ ‎ ‎ ‎ ‎ ‎ ‎ ‎ ‎ ‎ ‎ ‎ ‎ ‎ ‎ ‎ ‎ ‎ ‎ ‎ ‎ ‎ ‎ ‎ ‎ ‎ ‎ ‎ ‎ ‎ ‎ ‎ ‎ ‎ ‎ ‎ ‎ ‎ ‎ ‎ ‎ ‎ ‎ ‎ ‎ ‎ ‎ ‎ ‎ ‎ ‎ ‎ ‎ ‎ ‎ ‎ ‎ ‎ ‎ ‎ ‎ ‎ ‎ ‎ ‎ ‎ ‎ ‎ ‎ ‎ Hazte Socio Diamante para disfrutar de ofertas y beneficios exclusivos. ¡Comienza tus 15 días gratis! ‎ ‎ ‎ ‎ ‎ ‎ ‎ ‎ ‎ ‎ ‎ ‎ ‎ ‎ ‎ ‎ ‎ ‎ ‎ ‎ ‎ ‎ ‎ ‎ ‎ ‎ ‎ ‎ ‎ ‎ ‎ ‎ ‎ ‎ ‎ ‎ ‎ ‎ ‎ ‎ ‎ ‎ ‎ ‎ ‎ ‎ ‎ ‎ ‎ ‎ ‎ ‎ ‎ ‎ ‎ ‎ ‎ ‎ ‎ ‎ ‎ ‎ ‎ ‎ ‎ ‎ ‎ ‎ ‎ ‎ Hazte Socio Diamante para disfrutar de ofertas y beneficios exclusivos. ¡Comienza tus 15 días gratis! ‎ ‎ ‎ ‎ ‎ ‎ ‎ ‎ ‎ ‎ ‎ ‎ ‎ ‎ ‎ ‎ ‎ ‎ ‎ ‎ ‎ ‎ ‎ ‎ ‎ ‎ ‎ ‎ ‎ ‎ ‎ ‎ ‎ ‎ ‎ ‎ ‎ ‎ ‎ ‎ ‎ ‎ ‎ ‎ ‎ ‎ ‎ ‎ ‎ ‎ ‎ ‎ ‎ ‎ ‎ ‎ ‎ ‎ ‎ ‎ ‎ ‎ ‎ ‎ ‎ ‎ ‎ ‎ ‎ ‎ Hazte Socio Diamante para disfrutar de ofertas y beneficios exclusivos. ¡Comienza tus 15 días gratis! 📍 Elige un método de entrega Despacho a domicilio o retiro en tienda Club Unimarc Membresía NUEVO Catálogo Locales y horarios Tarjeta Unipay Unired Application error: a client-side exception has occurred (see the browser console for more information).,,,,,,unknown,
‎ ‎ ‎ ‎ ‎ ‎ ‎ ‎ ‎ ‎ ‎ ‎ ‎ ‎ ‎ ‎ ‎ ‎ ‎ ‎ ‎ ‎ ‎ ‎ ‎ ‎ ‎ ‎ ‎ ‎ ‎ ‎ ‎ ‎ ‎ ‎ ‎ ‎ ‎ ‎ ‎ ‎ ‎ ‎ ‎ ‎ ‎ ‎ ‎ ‎ ‎ ‎ ‎ ‎ ‎ ‎ ‎ ‎ ‎ ‎ ‎ ‎ ‎ ‎ ‎ ‎ ‎ ‎ ‎ ‎ Hazte Socio Diamante para disfrutar de ofertas y beneficios ,"‎ ‎ ‎ ‎ ‎ ‎ ‎ ‎ ‎ ‎ ‎ ‎ ‎ ‎ ‎ ‎ ‎ ‎ ‎ ‎ ‎ ‎ ‎ ‎ ‎ ‎ ‎ ‎ ‎ ‎ ‎ ‎ ‎ ‎ ‎ ‎ ‎ ‎ ‎ ‎ ‎ ‎ ‎ ‎ ‎ ‎ ‎ ‎ ‎ ‎ ‎ ‎ ‎ ‎ ‎ ‎ ‎ ‎ ‎ ‎ ‎ ‎ ‎ ‎ ‎ ‎ ‎ ‎ ‎ ‎ Hazte Socio Diamante para disfrutar de ofertas y beneficios exclusivos. ¡Comienza tus 15 días gratis! ‎ ‎ ‎ ‎ ‎ ‎ ‎ ‎ ‎ ‎ ‎ ‎ ‎ ‎ ‎ ‎ ‎ ‎ ‎ ‎ ‎ ‎ ‎ ‎ ‎ ‎ ‎ ‎ ‎ ‎ ‎ ‎ ‎ ‎ ‎ ‎ ‎ ‎ ‎ ‎ ‎ ‎ ‎ ‎ ‎ ‎ ‎ ‎ ‎ ‎ ‎ ‎ ‎ ‎ ‎ ‎ ‎ ‎ ‎ ‎ ‎ ‎ ‎ ‎ ‎ ‎ ‎ ‎ ‎ ‎ Hazte Socio Diamante para disfrutar de ofertas y beneficios exclusivos. ¡Comienza tus 15 días gratis! ‎ ‎ ‎ ‎ ‎ ‎ ‎ ‎ ‎ ‎ ‎ ‎ ‎ ‎ ‎ ‎ ‎ ‎ ‎ ‎ ‎ ‎ ‎ ‎ ‎ ‎ ‎ ‎ ‎ ‎ ‎ ‎ ‎ ‎ ‎ ‎ ‎ ‎ ‎ ‎ ‎ ‎ ‎ ‎ ‎ ‎ ‎ ‎ ‎ ‎ ‎ ‎ ‎ ‎ ‎ ‎ ‎ ‎ ‎ ‎ ‎ ‎ ‎ ‎ ‎ ‎ ‎ ‎ ‎ ‎ Hazte Socio Diamante para disfrutar de ofertas y beneficios exclusivos. ¡Comienza tus 15 días gratis! 📍 Elige un método de entrega Despacho a domicilio o retiro en tienda Club Unimarc Membresía NUEVO Catálogo Locales y horarios Tarjeta Unipay Unired Inicio Despensa Fideos, pastas y salsas Largos Club Unimarc carozzi Pasta spaghetti N° 5 Carozzi 400 g 400 g Sku: 000000000000006442-UN 2 x $1.650 ($2.063 x kg) $1.090 c/u ($2.725 x kg) Agregar Estilos de alimentación Libre de lactosa Libre de peces Libre de mariscos Libre de frutos secos Libre de maní Libre de nueces Libre de sulfitos Kosher Información del producto Descripción Semola de trigos duros seleccionados. Características: Largos - Carozzi - Envase bolsa - Formato familiar - Contenido 400 g. Ingredientes Sémola de trigos duros seleccionados, niacina, hierro (sulfato ferroso), tiamina, riboflavina. Tabla nutricional Datos de Nutrición Porción por envase: 5 Porción individual: 80g Nutrientes 100 g 1 porción Energía (kCal) 338 270.4 Proteínas (g) 11 8.8 Grasas Totales (g) 2 1.6 Grasas saturadas (g) 0.5 0.4 Grasas monoinsaturadas (g) 0.3 0.2 Grasas poliinsaturadas (g) 1.2 1 Grasas trans (g) 0 0 Colesterol (mg) 0 0 H. de C. disponibles (g) 69 55.2 Azúcares totales (g) 4 3.2 Fibra (g) 3.9 3.1 Sodio (mg) 5 4 Productos similares Club Unimarc Agregar lucchetti Pasta spaghetti n° 5 lucchetti 400 g 1 un 2 x $1",,1650,,,,unknown,
‎ ‎ ‎ ‎ ‎ ‎ ‎ ‎ ‎ ‎ ‎ ‎ ‎ ‎ ‎ ‎ ‎ ‎ ‎ ‎ ‎ ‎ ‎ ‎ ‎ ‎ ‎ ‎ ‎ ‎ ‎ ‎ ‎ ‎ ‎ ‎ ‎ ‎ ‎ ‎ ‎ ‎ ‎ ‎ ‎ ‎ ‎ ‎ ‎ ‎ ‎ ‎ ‎ ‎ ‎ ‎ ‎ ‎ ‎ ‎ ‎ ‎ ‎ ‎ ‎ ‎ ‎ ‎ ‎ ‎ Hazte Socio Diamante para disfrutar de ofertas y beneficios ,‎ ‎ ‎ ‎ ‎ ‎ ‎ ‎ ‎ ‎ ‎ ‎ ‎ ‎ ‎ ‎ ‎ ‎ ‎ ‎ ‎ ‎ ‎ ‎ ‎ ‎ ‎ ‎ ‎ ‎ ‎ ‎ ‎ ‎ ‎ ‎ ‎ ‎ ‎ ‎ ‎ ‎ ‎ ‎ ‎ ‎ ‎ ‎ ‎ ‎ ‎ ‎ ‎ ‎ ‎ ‎ ‎ ‎ ‎ ‎ ‎ ‎ ‎ ‎ ‎ ‎ ‎ ‎ ‎ ‎ Hazte Socio Diamante para disfrutar de ofertas y beneficios exclusivos. ¡Comienza tus 15 días gratis! ‎ ‎ ‎ ‎ ‎ ‎ ‎ ‎ ‎ ‎ ‎ ‎ ‎ ‎ ‎ ‎ ‎ ‎ ‎ ‎ ‎ ‎ ‎ ‎ ‎ ‎ ‎ ‎ ‎ ‎ ‎ ‎ ‎ ‎ ‎ ‎ ‎ ‎ ‎ ‎ ‎ ‎ ‎ ‎ ‎ ‎ ‎ ‎ ‎ ‎ ‎ ‎ ‎ ‎ ‎ ‎ ‎ ‎ ‎ ‎ ‎ ‎ ‎ ‎ ‎ ‎ ‎ ‎ ‎ ‎ Hazte Socio Diamante para disfrutar de ofertas y beneficios exclusivos. ¡Comienza tus 15 días gratis! ‎ ‎ ‎ ‎ ‎ ‎ ‎ ‎ ‎ ‎ ‎ ‎ ‎ ‎ ‎ ‎ ‎ ‎ ‎ ‎ ‎ ‎ ‎ ‎ ‎ ‎ ‎ ‎ ‎ ‎ ‎ ‎ ‎ ‎ ‎ ‎ ‎ ‎ ‎ ‎ ‎ ‎ ‎ ‎ ‎ ‎ ‎ ‎ ‎ ‎ ‎ ‎ ‎ ‎ ‎ ‎ ‎ ‎ ‎ ‎ ‎ ‎ ‎ ‎ ‎ ‎ ‎ ‎ ‎ ‎ Hazte Socio Diamante para disfrutar de ofertas y beneficios exclusivos. ¡Comienza tus 15 días gratis! 📍 Elige un método de entrega Despacho a domicilio o retiro en tienda Club Unimarc Membresía NUEVO Catálogo Locales y horarios Tarjeta Unipay Unired Application error: a client-side exception has occurred (see the browser console for more information).,,,,,,unknown,
‎ ‎ ‎ ‎ ‎ ‎ ‎ ‎ ‎ ‎ ‎ ‎ ‎ ‎ ‎ ‎ ‎ ‎ ‎ ‎ ‎ ‎ ‎ ‎ ‎ ‎ ‎ ‎ ‎ ‎ ‎ ‎ ‎ ‎ ‎ ‎ ‎ ‎ ‎ ‎ ‎ ‎ ‎ ‎ ‎ ‎ ‎ ‎ ‎ ‎ ‎ ‎ ‎ ‎ ‎ ‎ ‎ ‎ ‎ ‎ ‎ ‎ ‎ ‎ ‎ ‎ ‎ ‎ ‎ ‎ Hazte Socio Diamante para disfrutar de ofertas y beneficios ,"‎ ‎ ‎ ‎ ‎ ‎ ‎ ‎ ‎ ‎ ‎ ‎ ‎ ‎ ‎ ‎ ‎ ‎ ‎ ‎ ‎ ‎ ‎ ‎ ‎ ‎ ‎ ‎ ‎ ‎ ‎ ‎ ‎ ‎ ‎ ‎ ‎ ‎ ‎ ‎ ‎ ‎ ‎ ‎ ‎ ‎ ‎ ‎ ‎ ‎ ‎ ‎ ‎ ‎ ‎ ‎ ‎ ‎ ‎ ‎ ‎ ‎ ‎ ‎ ‎ ‎ ‎ ‎ ‎ ‎ Hazte Socio Diamante para disfrutar de ofertas y beneficios exclusivos. ¡Comienza tus 15 días gratis! ‎ ‎ ‎ ‎ ‎ ‎ ‎ ‎ ‎ ‎ ‎ ‎ ‎ ‎ ‎ ‎ ‎ ‎ ‎ ‎ ‎ ‎ ‎ ‎ ‎ ‎ ‎ ‎ ‎ ‎ ‎ ‎ ‎ ‎ ‎ ‎ ‎ ‎ ‎ ‎ ‎ ‎ ‎ ‎ ‎ ‎ ‎ ‎ ‎ ‎ ‎ ‎ ‎ ‎ ‎ ‎ ‎ ‎ ‎ ‎ ‎ ‎ ‎ ‎ ‎ ‎ ‎ ‎ ‎ ‎ Hazte Socio Diamante para disfrutar de ofertas y beneficios exclusivos. ¡Comienza tus 15 días gratis! ‎ ‎ ‎ ‎ ‎ ‎ ‎ ‎ ‎ ‎ ‎ ‎ ‎ ‎ ‎ ‎ ‎ ‎ ‎ ‎ ‎ ‎ ‎ ‎ ‎ ‎ ‎ ‎ ‎ ‎ ‎ ‎ ‎ ‎ ‎ ‎ ‎ ‎ ‎ ‎ ‎ ‎ ‎ ‎ ‎ ‎ ‎ ‎ ‎ ‎ ‎ ‎ ‎ ‎ ‎ ‎ ‎ ‎ ‎ ‎ ‎ ‎ ‎ ‎ ‎ ‎ ‎ ‎ ‎ ‎ Hazte Socio Diamante para disfrutar de ofertas y beneficios exclusivos. ¡Comienza tus 15 días gratis! 📍 Elige un método de entrega Despacho a domicilio o retiro en tienda Club Unimarc Membresía NUEVO Catálogo Locales y horarios Tarjeta Unipay Unired Inicio Despensa Fideos, pastas y salsas Largos talliani Pasta spaghetti N° 5 Talliani al huevo 400 g 400 g Sku: 000000000000006486-UN $1.330 ($3.325 x kg) Agregar Estilos de alimentación Libre de lactosa Libre de lactosa Libre de soya Libre de peces Libre de mariscos Libre de frutos secos Libre de maní Libre de nueces Libre de sulfitos Kosher Información del producto Descripción Todas las pastas talliani están hechas de huevos frescos evocando la alta gastronomía italiana. Esto se traduce en una pasta con una textura inconfundible y ligeramente rugosa, con lo cual se adhiere mejor la salsa de tomates. Producto certificado Kosher.Características: Largos - Talliani - Envase bolsa - Formato familiar - Contenido 400 g. Ingredientes Sémola de trigos duros seleccionados, huevo (11%), niacina, hierro (sulfato ferroso), tiamina, riboflavina. Tabla nutricional Datos de Nutrición Porción por envase: 5 Porción individual: 80g Nutrientes 100 g 1 porción Energía (kCal) 368 294.4 Proteínas (g) 13 10.4 Grasas Totales (g) 3.5 2.8 Colesterol (mg) 33 26.4 H. de C. disponibles (g) 71 56.8 Azúcares totales (g) 4 3.2 Sodio (mg) 2",,1330,,,,unknown,
‎ ‎ ‎ ‎ ‎ ‎ ‎ ‎ ‎ ‎ ‎ ‎ ‎ ‎ ‎ ‎ ‎ ‎ ‎ ‎ ‎ ‎ ‎ ‎ ‎ ‎ ‎ ‎ ‎ ‎ ‎ ‎ ‎ ‎ ‎ ‎ ‎ ‎ ‎ ‎ ‎ ‎ ‎ ‎ ‎ ‎ ‎ ‎ ‎ ‎ ‎ ‎ ‎ ‎ ‎ ‎ ‎ ‎ ‎ ‎ ‎ ‎ ‎ ‎ ‎ ‎ ‎ ‎ ‎ ‎ Hazte Socio Diamante para disfrutar de ofertas y beneficios ,"‎ ‎ ‎ ‎ ‎ ‎ ‎ ‎ ‎ ‎ ‎ ‎ ‎ ‎ ‎ ‎ ‎ ‎ ‎ ‎ ‎ ‎ ‎ ‎ ‎ ‎ ‎ ‎ ‎ ‎ ‎ ‎ ‎ ‎ ‎ ‎ ‎ ‎ ‎ ‎ ‎ ‎ ‎ ‎ ‎ ‎ ‎ ‎ ‎ ‎ ‎ ‎ ‎ ‎ ‎ ‎ ‎ ‎ ‎ ‎ ‎ ‎ ‎ ‎ ‎ ‎ ‎ ‎ ‎ ‎ Hazte Socio Diamante para disfrutar de ofertas y beneficios exclusivos. ¡Comienza tus 15 días gratis! ‎ ‎ ‎ ‎ ‎ ‎ ‎ ‎ ‎ ‎ ‎ ‎ ‎ ‎ ‎ ‎ ‎ ‎ ‎ ‎ ‎ ‎ ‎ ‎ ‎ ‎ ‎ ‎ ‎ ‎ ‎ ‎ ‎ ‎ ‎ ‎ ‎ ‎ ‎ ‎ ‎ ‎ ‎ ‎ ‎ ‎ ‎ ‎ ‎ ‎ ‎ ‎ ‎ ‎ ‎ ‎ ‎ ‎ ‎ ‎ ‎ ‎ ‎ ‎ ‎ ‎ ‎ ‎ ‎ ‎ Hazte Socio Diamante para disfrutar de ofertas y beneficios exclusivos. ¡Comienza tus 15 días gratis! ‎ ‎ ‎ ‎ ‎ ‎ ‎ ‎ ‎ ‎ ‎ ‎ ‎ ‎ ‎ ‎ ‎ ‎ ‎ ‎ ‎ ‎ ‎ ‎ ‎ ‎ ‎ ‎ ‎ ‎ ‎ ‎ ‎ ‎ ‎ ‎ ‎ ‎ ‎ ‎ ‎ ‎ ‎ ‎ ‎ ‎ ‎ ‎ ‎ ‎ ‎ ‎ ‎ ‎ ‎ ‎ ‎ ‎ ‎ ‎ ‎ ‎ ‎ ‎ ‎ ‎ ‎ ‎ ‎ ‎ Hazte Socio Diamante para disfrutar de ofertas y beneficios exclusivos. ¡Comienza tus 15 días gratis! 📍 Elige un método de entrega Despacho a domicilio o retiro en tienda Club Unimarc Membresía NUEVO Catálogo Locales y horarios Tarjeta Unipay Unired Inicio Despensa Fideos, pastas y salsas Largos Club Unimarc lucchetti Pasta spaghetti N° 5 Lucchetti 400 g 400 g Sku: 000000000000006531-UN 2 x $1.550 ($1.938 x kg) $1.030 c/u ($2.575 x kg) Agregar Estilos de alimentación Libre de lactosa Libre de lactosa Libre de soya Libre de peces Libre de mariscos Libre de frutos secos Libre de maní Libre de nueces Libre de sulfitos Kosher Información del producto Descripción Pasta libre de colesterol, con bajo aporte en grasas y buena fuente de proteína. Rinde 5 porciones. Características: Largos - Lucchetti - Envase bolsa - Formato familiar - Contenido 400 g. Ingredientes Sémola de trigos duros seleccionados, niacina, hierro (sulfato ferroso), tiamina, riboflavina. Tabla nutricional Datos de Nutrición Porción por envase: 5 Porción individual: 80g Nutrientes 100 g 1 porción Energía (kCal) 338 270.4 Proteínas (g) 10 8 Grasas Totales (g) 3 2.4 Grasas saturadas (g) 0 0 Grasas monoinsaturadas (g) 0.7 0.6 Grasas poliinsaturadas (g) 2.3 1.8 Grasas trans (g) 0 0 Colesterol (mg) 0 0 H. de C. disponibles (g) 70 56 Azúcares totales (g) 4 3.2 Fibra (g) 3.5 2.8 Sodio (mg) 5 4 Produc",,1550,,,,unknown,
‎ ‎ ‎ ‎ ‎ ‎ ‎ ‎ ‎ ‎ ‎ ‎ ‎ ‎ ‎ ‎ ‎ ‎ ‎ ‎ ‎ ‎ ‎ ‎ ‎ ‎ ‎ ‎ ‎ ‎ ‎ ‎ ‎ ‎ ‎ ‎ ‎ ‎ ‎ ‎ ‎ ‎ ‎ ‎ ‎ ‎ ‎ ‎ ‎ ‎ ‎ ‎ ‎ ‎ ‎ ‎ ‎ ‎ ‎ ‎ ‎ ‎ ‎ ‎ ‎ ‎ ‎ ‎ ‎ ‎ Hazte Socio Diamante para disfrutar de ofertas y beneficios ,"‎ ‎ ‎ ‎ ‎ ‎ ‎ ‎ ‎ ‎ ‎ ‎ ‎ ‎ ‎ ‎ ‎ ‎ ‎ ‎ ‎ ‎ ‎ ‎ ‎ ‎ ‎ ‎ ‎ ‎ ‎ ‎ ‎ ‎ ‎ ‎ ‎ ‎ ‎ ‎ ‎ ‎ ‎ ‎ ‎ ‎ ‎ ‎ ‎ ‎ ‎ ‎ ‎ ‎ ‎ ‎ ‎ ‎ ‎ ‎ ‎ ‎ ‎ ‎ ‎ ‎ ‎ ‎ ‎ ‎ Hazte Socio Diamante para disfrutar de ofertas y beneficios exclusivos. ¡Comienza tus 15 días gratis! ‎ ‎ ‎ ‎ ‎ ‎ ‎ ‎ ‎ ‎ ‎ ‎ ‎ ‎ ‎ ‎ ‎ ‎ ‎ ‎ ‎ ‎ ‎ ‎ ‎ ‎ ‎ ‎ ‎ ‎ ‎ ‎ ‎ ‎ ‎ ‎ ‎ ‎ ‎ ‎ ‎ ‎ ‎ ‎ ‎ ‎ ‎ ‎ ‎ ‎ ‎ ‎ ‎ ‎ ‎ ‎ ‎ ‎ ‎ ‎ ‎ ‎ ‎ ‎ ‎ ‎ ‎ ‎ ‎ ‎ Hazte Socio Diamante para disfrutar de ofertas y beneficios exclusivos. ¡Comienza tus 15 días gratis! ‎ ‎ ‎ ‎ ‎ ‎ ‎ ‎ ‎ ‎ ‎ ‎ ‎ ‎ ‎ ‎ ‎ ‎ ‎ ‎ ‎ ‎ ‎ ‎ ‎ ‎ ‎ ‎ ‎ ‎ ‎ ‎ ‎ ‎ ‎ ‎ ‎ ‎ ‎ ‎ ‎ ‎ ‎ ‎ ‎ ‎ ‎ ‎ ‎ ‎ ‎ ‎ ‎ ‎ ‎ ‎ ‎ ‎ ‎ ‎ ‎ ‎ ‎ ‎ ‎ ‎ ‎ ‎ ‎ ‎ Hazte Socio Diamante para disfrutar de ofertas y beneficios exclusivos. ¡Comienza tus 15 días gratis! 📍 Elige un método de entrega Despacho a domicilio o retiro en tienda Club Unimarc Membresía NUEVO Catálogo Locales y horarios Tarjeta Unipay Unired Inicio Despensa Fideos, pastas y salsas Largos merkat Pasta spaghetti N°5 Merkat 400 g 400 g Sku: 000000000000355618-UN $480 ($1.200 x kg) Agregar Información del producto Descripción Pasta spaghetti N°5 Merkat, 400 g Productos similares Club Unimarc Agregar nuestra cocina Pasta spaguetti n°5 nuestra cocina 400 g 1 un 3 x $2.001 ($1.668 x kg) $850 c/u ($2.125 x kg) Club Unimarc Agregar lucchetti Pasta spaghetti n° 5 lucchetti 400 g 1 un 2 x $1.550 ($1.938 x kg) $1.030 c/u ($2.575 x kg) Club Unimarc Agregar nuestra cocina Pasta tallarines 77 nuestra cocina 400 g 1 un 3 x $2.001 ($1.668 x kg) $850 c/u ($2.125 x kg) Club Unimarc Agregar carozzi Pasta tallarines n° 87 carozzi 400 g 1 un 2 x $1.650 ($2.063 x kg) $1.090 c/u ($2.725 x kg) Club Unimarc Agregar lucchetti Pasta tallarines nº 77 lucchetti 400 g 1 un 2 x $1.550 ($1.938 x kg) $1.030 c/u ($2.575 x kg) Club Unimarc Agregar carozzi Pasta fettuccine n°88 carozzi 400 g 1 un 2 x $1.650 ($2.063 x kg) $1.090 c/u ($2.725 x kg) Agregar talliani Pasta spaghetti n° 5 talliani al huevo 400 g 1 un $1.330 ($3.325 x kg) Club Unimarc Agregar carozzi Pasta capellini carozz",,480,,,,unknown,
Home,"Home Desayuno y Dulces Café Devolver este producto es gratis Conoce los plazos y exclusiones del derecho a retracto y la satisfacción garantizada. NESCAFE Código del producto: 115878869 Cód. tienda: 01025019 Café Instantáneo Nescafe Tradición Tarro 50 g 50 GR $ 2.850 UN -19% ($ 57.000 por KG) $ 3.500 UN Acumula hasta 19 CMR Puntos Agregar al Carro Descripción Café Instantáneo en Polvo Tradición Nescafé 50g | Actualizado al: 29-07-2025 Ingredientes: 100% café. Certificados: Apto para APLV Libre de Lactosa Vegano Vegetariano Libre de Soya Libre de Huevo Libre de Peces Libre de Mariscos Libre de Maní Libre de Frutos Secos Libre de Nueces Libre de Sulfitos Libre de Trigo Kosher Información Nutricional: Importante: La información del empaque y/o contenido del producto final puede diferir respecto a lo que mostramos en nuestro sitio web, tanto a nivel de ingredientes, trazas, información nutricional, sellos, modo de uso y/o modo de conservación. Usted no debe basarse únicamente en la información que se muestra en nuestro sitio web y siempre debe leer las etiquetas, advertencias e instrucciones antes de usar o consumir un producto. Información obtenida de NESCAFE TRADICIONAL 50 GRS.11261035 Productos similares Café Instantáneo Nescafe Tradición Tarro 170 g $ 6.890 UN -13% $ 7.890 UN Ver producto Café Instantáneo Nescafe Dolca Tarro 170 g $ 5.290 UN Ver producto Café Instantáneo Nescafe Tradición Tarro 400 g $ 12.990 UN Ver producto NESCAFE DOLCA 50 GRS. 11261175 $ 2.290 UN Ver producto Café Tradición Tarro $ 4.090 UN -18% $ 4.990 UN Ver producto Café Descafeinado Nescafe 100 g $ 5.990 UN Ver producto Café Starbucks Medium Roast 90 g $ 10.890 UN -20% $ 13.650 UN Ver producto Café Instantáneo Primera Selección Gold 170 g $ 4.674 UN -40% $ 5.453 UN $ 7.790 UN Ver producto Café Instantáneo Granulado Nescafe Tradición Tarro 170 g $ 8.490 UN Ver producto Café Starbucks Dark Roast 90 g $ 10.090 UN Ver producto Café Nescafe Dolca Tarro 195 g $ 5.290 UN Ver producto DESCAFEINADO NE",,2850,,,,unknown,
www.tottus.cl,www.tottus.cl Verificar que usted es un ser humano. Esto podría tardar algunos segundos. www.tottus.cl necesita revisar la seguridad de su conexión antes de continuar. Verificación exitosa Espere a www.tottus.cl para responder... Ray ID: 98a0b8b62ecefa30 Rendimiento y seguridad de Cloudflare,,,,,,unknown,
www.tottus.cl,www.tottus.cl Verificar que usted es un ser humano. Esto podría tardar algunos segundos. www.tottus.cl necesita revisar la seguridad de su conexión antes de continuar. Verificación exitosa Espere a www.tottus.cl para responder... Ray ID: 98a0b8d4c91dfa30 Rendimiento y seguridad de Cloudflare,,,,,,unknown,
www.tottus.cl,www.tottus.cl Verificar que usted es un ser humano. Esto podría tardar algunos segundos. www.tottus.cl necesita revisar la seguridad de su conexión antes de continuar. Verificación exitosa Espere a www.tottus.cl para responder... Ray ID: 98a0b9065f2bfa30 Rendimiento y seguridad de Cloudflare,,,,,,unknown,
0,"0 BUSCAR PRODUCTOS Ingresa 0 $0 M.N Estás en: La Comer Coyoacán La Comer Tecnológico Toluca La Comer Altaria Aguascalientes La Comer Bosque Esmeralda La Comer Bosque Real La Comer CDMX Sur La Comer Cabo San Lucas La Comer Cascada Los Cabos La Comer Coyoacán La Comer Del Valle La Comer Diana Cuernavaca La Comer El Refugio Qro La Comer Estadio Qro La Comer Iguala La Comer Insurgentes La Comer Irapuato La Comer Iztapalapa Las Torres La Comer Juriquilla La Comer Lago Alberto La Comer Las Animas La Comer Lomas Anáhuac La Comer Manzanillo La Comer Morelia La Comer Nuevo Vallarta La Comer Olivar La Comer Pozuelos Guanajuato La Comer Puebla La Comer Pueblo Nuevo Qro La Comer San Juan del Río La Comer San Miguel de Allende La Comer Santa María La Ribera La Comer Tlalpan La Comer Torres de Satélite La Comer Tultitlán La Comer Uruapan La Comer Vallarta Fluvial La Comer Valle Dorado La Comer Villa Coapa La Comer Zaragoza Qro La Comer Álamos Parque Qro La Comer Coyoacán Dirección MIGUEL ANGEL DE QUEVEDO 443, ROMERO DE TERREROS, 4310 COYOACAN, MEXICO, CIUDAD DE MÉXICO ¡Deseo comprar aquí! Toggle navigation Departamentos Departamentos Sitios de Información Monedero Naranja En tu casa Plus La Comer Card Recetas Spooky Season Departamentos Sitios de Información Recetas Spooky Season Estas en: La Comer Coyoacán Inicio Cafe Soluble Cafe Soluble Internacional 180 grs REGRESAR $92.00 M.N. pieza Piezas Agregar PRESENTACIÓN/ENVASE: FRASCO Ingredientes Declaración Nutrimental CAFÉ SOLUBLE, 30 DE CARAMELO Tamaño de porción: 100.00 ml Contenido energético 3.00 kcal Proteínas 0.40 g Grasas totales (Lípidos) 0.10 g Grasas saturadas 0.00 g Grasas trans 0.00 mg Hidratos de Carbono Disponibles 0.00 g Azúcares 0.00 g Azúcares Añadidos 0.00 g Fibra Dietética 1.00 g Sodio 0.00 mg x Promociones Cerrar Más información TAMBIÉN TE PUEDE INTERESAR Cafe soluble NEGRO CAFÉ 180 GRS x $132.00 M.N. $105.90 M.N. x Piezas Piezas Agregar $132.00 M.N. $132.00 M.N. Cafe soluble ORO 180 GRS x $133.00 M.N. x Piezas ",,0,,,,unknown,
www.tottus.cl,www.tottus.cl Verificar que usted es un ser humano. Esto podría tardar algunos segundos. www.tottus.cl necesita revisar la seguridad de su conexión antes de continuar. Verificación exitosa Espere a www.tottus.cl para responder... Ray ID: 98a0b92e7866fa30 Rendimiento y seguridad de Cloudflare,,,,,,unknown,
www.tottus.cl,www.tottus.cl Verificar que usted es un ser humano. Esto podría tardar algunos segundos. www.tottus.cl necesita revisar la seguridad de su conexión antes de continuar. Verificación exitosa Espere a www.tottus.cl para responder... Ray ID: 98a0b9421815e564 Rendimiento y seguridad de Cloudflare,,,,,,unknown,
www.tottus.cl,www.tottus.cl Verificar que usted es un ser humano. Esto podría tardar algunos segundos. www.tottus.cl necesita revisar la seguridad de su conexión antes de continuar. Verificación exitosa Espere a www.tottus.cl para responder... Ray ID: 98a0b95e5f65e564 Rendimiento y seguridad de Cloudflare,,,,,,unknown,
www.tottus.cl,www.tottus.cl Verificar que usted es un ser humano. Esto podría tardar algunos segundos. www.tottus.cl necesita revisar la seguridad de su conexión antes de continuar. Verificación exitosa Espere a www.tottus.cl para responder... Ray ID: 98a0b97b7a24e564 Rendimiento y seguridad de Cloudflare,,,,,,unknown,
www.tottus.cl,www.tottus.cl Verificar que usted es un ser humano. Esto podría tardar algunos segundos. www.tottus.cl necesita revisar la seguridad de su conexión antes de continuar. Verificación exitosa Espere a www.tottus.cl para responder... Ray ID: 98a0b991ebd8e564 Rendimiento y seguridad de Cloudflare,,,,,,unknown,
www.tottus.cl,www.tottus.cl Verificar que usted es un ser humano. Esto podría tardar algunos segundos. www.tottus.cl necesita revisar la seguridad de su conexión antes de continuar. Verificación exitosa Espere a www.tottus.cl para responder... Ray ID: 98a0b9abf9e84978 Rendimiento y seguridad de Cloudflare,,,,,,unknown,
www.tottus.cl,www.tottus.cl Verificar que usted es un ser humano. Esto podría tardar algunos segundos. www.tottus.cl necesita revisar la seguridad de su conexión antes de continuar. Verificación exitosa Espere a www.tottus.cl para responder... Ray ID: 98a0b9c88c1f4978 Rendimiento y seguridad de Cloudflare,,,,,,unknown,
www.tottus.cl,www.tottus.cl Verificar que usted es un ser humano. Esto podría tardar algunos segundos. www.tottus.cl necesita revisar la seguridad de su conexión antes de continuar. Verificación exitosa Espere a www.tottus.cl para responder... Ray ID: 98a0b9e88a624978 Rendimiento y seguridad de Cloudflare,,,,,,unknown,
www.tottus.cl,www.tottus.cl Verificar que usted es un ser humano. Esto podría tardar algunos segundos. www.tottus.cl necesita revisar la seguridad de su conexión antes de continuar. Verificación exitosa Espere a www.tottus.cl para responder... Ray ID: 98a0ba054e58128b Rendimiento y seguridad de Cloudflare,,,,,,unknown,
www.tottus.cl,www.tottus.cl Verificar que usted es un ser humano. Esto podría tardar algunos segundos. www.tottus.cl necesita revisar la seguridad de su conexión antes de continuar. Verificación exitosa Espere a www.tottus.cl para responder... Ray ID: 98a0ba1d8828128b Rendimiento y seguridad de Cloudflare,,,,,,unknown,
0,"0 BUSCAR PRODUCTOS Ingresa 0 $0 M.N Estás en: La Comer Coyoacán La Comer Tecnológico Toluca La Comer Altaria Aguascalientes La Comer Bosque Esmeralda La Comer Bosque Real La Comer CDMX Sur La Comer Cabo San Lucas La Comer Cascada Los Cabos La Comer Coyoacán La Comer Del Valle La Comer Diana Cuernavaca La Comer El Refugio Qro La Comer Estadio Qro La Comer Iguala La Comer Insurgentes La Comer Irapuato La Comer Iztapalapa Las Torres La Comer Juriquilla La Comer Lago Alberto La Comer Las Animas La Comer Lomas Anáhuac La Comer Manzanillo La Comer Morelia La Comer Nuevo Vallarta La Comer Olivar La Comer Pozuelos Guanajuato La Comer Puebla La Comer Pueblo Nuevo Qro La Comer San Juan del Río La Comer San Miguel de Allende La Comer Santa María La Ribera La Comer Tlalpan La Comer Torres de Satélite La Comer Tultitlán La Comer Uruapan La Comer Vallarta Fluvial La Comer Valle Dorado La Comer Villa Coapa La Comer Zaragoza Qro La Comer Álamos Parque Qro La Comer Coyoacán Dirección MIGUEL ANGEL DE QUEVEDO 443, ROMERO DE TERREROS, 4310 COYOACAN, MEXICO, CIUDAD DE MÉXICO ¡Deseo comprar aquí! Toggle navigation Departamentos Departamentos Sitios de Información En tu casa Plus La Comer Card Recetas Spooky Season Departamentos Sitios de Información Recetas Spooky Season Estas en: La Comer Coyoacán Inicio Huevo Blanco Huevo Blanco El Dorado 30 pza REGRESAR $88.50 M.N. $81.50 M.N. pieza Piezas Agregar PRESENTACIÓN/ENVASE: CAJA Detalle Descripción del producto Huevo blanco Dorado 30 piezas. Inicia tu día con el sabor del huevo fresco Bachoco. Aplicación Ideales para acompañar tus comidas y preparar tus recetas favoritas Beneficios Huevo fresco de granja x Promociones Cerrar Más información TAMBIÉN TE PUEDE INTERESAR Huevo blanco BACHOCO 30 PZA x $92.50 M.N. x Piezas Piezas Agregar $96.00 M.N. Huevo blanco SAN JUAN 30 PZA x $91.50 M.N. x Piezas Piezas Agregar $91.50 M.N. Huevo blanco AVICOLA TEHUACAN 30 PZA x $98.00 M.N. x Piezas Piezas Agregar $98.89 M.N. Huevo blanco BACHOCO 18 PZA x $64.",,0,,,,unknown,
www.tottus.cl,www.tottus.cl Verificar que usted es un ser humano. Esto podría tardar algunos segundos. www.tottus.cl necesita revisar la seguridad de su conexión antes de continuar. Verificación exitosa Espere a www.tottus.cl para responder... Ray ID: 98a0ba39bb79128b Rendimiento y seguridad de Cloudflare,,,,,,unknown,
www.tottus.cl,www.tottus.cl Verificar que usted es un ser humano. Esto podría tardar algunos segundos. www.tottus.cl necesita revisar la seguridad de su conexión antes de continuar. Verificación exitosa Espere a www.tottus.cl para responder... Ray ID: 98a0ba5a88ee128b Rendimiento y seguridad de Cloudflare,,,,,,unknown,
www.tottus.cl,www.tottus.cl Verificar que usted es un ser humano. Esto podría tardar algunos segundos. www.tottus.cl necesita revisar la seguridad de su conexión antes de continuar. Verificación exitosa Espere a www.tottus.cl para responder... Ray ID: 98a0ba73bf4e128b Rendimiento y seguridad de Cloudflare,,,,,,unknown,
www.tottus.cl,www.tottus.cl Verificar que usted es un ser humano. Esto podría tardar algunos segundos. www.tottus.cl necesita revisar la seguridad de su conexión antes de continuar. Verificación exitosa Espere a www.tottus.cl para responder... Ray ID: 98a0ba925da3128b Rendimiento y seguridad de Cloudflare,,,,,,unknown,
www.tottus.cl,www.tottus.cl Verificar que usted es un ser humano. Esto podría tardar algunos segundos. www.tottus.cl necesita revisar la seguridad de su conexión antes de continuar. Verificación exitosa Espere a www.tottus.cl para responder... Ray ID: 98a0babaf8ffdb11 Rendimiento y seguridad de Cloudflare,,,,,,unknown,
www.tottus.cl,www.tottus.cl Verificar que usted es un ser humano. Esto podría tardar algunos segundos. www.tottus.cl necesita revisar la seguridad de su conexión antes de continuar. Verificación exitosa Espere a www.tottus.cl para responder... Ray ID: 98a0bae35f89db11 Rendimiento y seguridad de Cloudflare,,,,,,unknown,
www.tottus.cl,www.tottus.cl Verificar que usted es un ser humano. Esto podría tardar algunos segundos. www.tottus.cl necesita revisar la seguridad de su conexión antes de continuar. Verificación exitosa Espere a www.tottus.cl para responder... Ray ID: 98a0baf838d4db11 Rendimiento y seguridad de Cloudflare,,,,,,unknown,
www.tottus.cl,www.tottus.cl Verificar que usted es un ser humano. Esto podría tardar algunos segundos. www.tottus.cl necesita revisar la seguridad de su conexión antes de continuar. Verificación exitosa Espere a www.tottus.cl para responder... Ray ID: 98a0bb08db58db11 Rendimiento y seguridad de Cloudflare,,,,,,unknown,
www.tottus.cl,www.tottus.cl Verificar que usted es un ser humano. Esto podría tardar algunos segundos. www.tottus.cl necesita revisar la seguridad de su conexión antes de continuar. Verificación exitosa Espere a www.tottus.cl para responder... Ray ID: 98a0bb1e08d7db11 Rendimiento y seguridad de Cloudflare,,,,,,unknown,
www.tottus.cl,www.tottus.cl Verificar que usted es un ser humano. Esto podría tardar algunos segundos. www.tottus.cl necesita revisar la seguridad de su conexión antes de continuar. Verificación exitosa Espere a www.tottus.cl para responder... Ray ID: 98a0bb421a652593 Rendimiento y seguridad de Cloudflare,,,,,,unknown,
0,"0 BUSCAR PRODUCTOS Ingresa 0 $0 M.N Estás en: La Comer Coyoacán La Comer Tecnológico Toluca La Comer Altaria Aguascalientes La Comer Bosque Esmeralda La Comer Bosque Real La Comer CDMX Sur La Comer Cabo San Lucas La Comer Cascada Los Cabos La Comer Coyoacán La Comer Del Valle La Comer Diana Cuernavaca La Comer El Refugio Qro La Comer Estadio Qro La Comer Iguala La Comer Insurgentes La Comer Irapuato La Comer Iztapalapa Las Torres La Comer Juriquilla La Comer Lago Alberto La Comer Las Animas La Comer Lomas Anáhuac La Comer Manzanillo La Comer Morelia La Comer Nuevo Vallarta La Comer Olivar La Comer Pozuelos Guanajuato La Comer Puebla La Comer Pueblo Nuevo Qro La Comer San Juan del Río La Comer San Miguel de Allende La Comer Santa María La Ribera La Comer Tlalpan La Comer Torres de Satélite La Comer Tultitlán La Comer Uruapan La Comer Vallarta Fluvial La Comer Valle Dorado La Comer Villa Coapa La Comer Zaragoza Qro La Comer Álamos Parque Qro La Comer Coyoacán Dirección MIGUEL ANGEL DE QUEVEDO 443, ROMERO DE TERREROS, 4310 COYOACAN, MEXICO, CIUDAD DE MÉXICO ¡Deseo comprar aquí! Toggle navigation Departamentos Departamentos Sitios de Información Monedero Naranja En tu casa Plus La Comer Card Recetas Spooky Season Departamentos Sitios de Información Recetas Spooky Season Estas en: La Comer Coyoacán Inicio Huevo Blanco Huevo Blanco San Juan 30 pza REGRESAR $91.50 M.N. pieza Piezas Agregar PRESENTACIÓN/ENVASE: CAJA Declaración Nutrimental Tamaño de porción: 100.00 g Contenido energético 666.00 kj Proteínas 12.00 g Grasas totales (Lípidos) 12.00 g Grasas saturadas 0.33 g Grasas trans 0.00 mg Hidratos de Carbono Disponibles 0.70 g Azúcares 0.70 g Azúcares Añadidos 0.00 g Fibra Dietética 0.00 g Sodio 144.00 mg x Promociones Cerrar Más información TAMBIÉN TE PUEDE INTERESAR Huevo blanco BACHOCO 30 PZA x $92.50 M.N. x Piezas Piezas Agregar $96.00 M.N. Huevo blanco EL DORADO 30 PZA x $88.50 M.N. $81.50 M.N. x Piezas Piezas Agregar $88.50 M.N. $88.50 M.N. Huevo blanco AVICOLA TEH",,0,,,,unknown,
www.tottus.cl,www.tottus.cl Verificar que usted es un ser humano. Esto podría tardar algunos segundos. www.tottus.cl necesita revisar la seguridad de su conexión antes de continuar. Verificación exitosa Espere a www.tottus.cl para responder... Ray ID: 98a0bb5b9d032593 Rendimiento y seguridad de Cloudflare,,,,,,unknown,
www.tottus.cl,www.tottus.cl Verificar que usted es un ser humano. Esto podría tardar algunos segundos. www.tottus.cl necesita revisar la seguridad de su conexión antes de continuar. Verificación exitosa Espere a www.tottus.cl para responder... Ray ID: 98a0bb73099f2593 Rendimiento y seguridad de Cloudflare,,,,,,unknown,
www.tottus.cl,www.tottus.cl Verificar que usted es un ser humano. Esto podría tardar algunos segundos. www.tottus.cl necesita revisar la seguridad de su conexión antes de continuar. Verificación exitosa Espere a www.tottus.cl para responder... Ray ID: 98a0bb8daab52593 Rendimiento y seguridad de Cloudflare,,,,,,unknown,
www.tottus.cl,www.tottus.cl Verificar que usted es un ser humano. Esto podría tardar algunos segundos. www.tottus.cl necesita revisar la seguridad de su conexión antes de continuar. Verificación exitosa Espere a www.tottus.cl para responder... Ray ID: 98a0bba9e940ae73 Rendimiento y seguridad de Cloudflare,,,,,,unknown,
www.tottus.cl,www.tottus.cl Verificar que usted es un ser humano. Esto podría tardar algunos segundos. www.tottus.cl necesita revisar la seguridad de su conexión antes de continuar. Verificación exitosa Espere a www.tottus.cl para responder... Ray ID: 98a0bbc4ef61ae73 Rendimiento y seguridad de Cloudflare,,,,,,unknown,
www.tottus.cl,www.tottus.cl Verificar que usted es un ser humano. Esto podría tardar algunos segundos. www.tottus.cl necesita revisar la seguridad de su conexión antes de continuar. Verificación exitosa Espere a www.tottus.cl para responder... Ray ID: 98a0bbe6c8f6ae73 Rendimiento y seguridad de Cloudflare,,,,,,unknown,
www.tottus.cl,www.tottus.cl Verificar que usted es un ser humano. Esto podría tardar algunos segundos. www.tottus.cl necesita revisar la seguridad de su conexión antes de continuar. Verificación exitosa Espere a www.tottus.cl para responder... Ray ID: 98a0bbfcba74ae73 Rendimiento y seguridad de Cloudflare,,,,,,unknown,
www.tottus.cl,www.tottus.cl Verificar que usted es un ser humano. Esto podría tardar algunos segundos. www.tottus.cl necesita revisar la seguridad de su conexión antes de continuar. Verificación exitosa Espere a www.tottus.cl para responder... Ray ID: 98a0bc1d0b96ae73 Rendimiento y seguridad de Cloudflare,,,,,,unknown,
www.tottus.cl,www.tottus.cl Verificar que usted es un ser humano. Esto podría tardar algunos segundos. www.tottus.cl necesita revisar la seguridad de su conexión antes de continuar. Verificación exitosa Espere a www.tottus.cl para responder... Ray ID: 98a0bc3d0ccefa30 Rendimiento y seguridad de Cloudflare,,,,,,unknown,
www.tottus.cl,www.tottus.cl Verificar que usted es un ser humano. Esto podría tardar algunos segundos. www.tottus.cl necesita revisar la seguridad de su conexión antes de continuar. Verificación exitosa Espere a www.tottus.cl para responder... Ray ID: 98a0bc642a97fa30 Rendimiento y seguridad de Cloudflare,,,,,,unknown,
