Voltar
Description
Feijão Preto 1 Kg Camil
“Imagem meramente ilustrativa. O produto final pode apresentar variações de cor, tamanho ou modelo”
Descrição
Feijão Preto 1 Kg Camil
“Imagem meramente ilustrativa. O produto final pode apresentar variações de cor, tamanho ou modelo”
Aproveite nossas ofertas!
Ver tudo
SEM GLÚTEN
SEM LACTOSE
Panqueca Frango Chef Pilli 400g
Price:
0
R$ 15,99
R$ 36,99
-57%
Saco Para Lixo Repelente Embalixo 50 Litros 30 Uns
Price:
0
R$ 19,99
R$ 39,99
-50%
Saco Para Lixo Sustentável Embalixo 30 Litros 30 Uns
Price:
0
R$ 9,99
R$ 18,99
-47%
Mandioca Cozida E Congelada Ecco Premium 1 Kg
Price:
0
R$ 12,99
R$ 22,99
-43%
Amêndoa Sem Pele Laminada Oba Bem Querer 200 G
Price:
0
R$ 19,99
R$ 34,99
-43%
Amêndoa Chilena Torrada E Salgada Oba Bem Querer 200 G
Price:
0
R$ 19,99
R$ 34,99
-43%
Sacos De Polietileno Wyda 3 Kg 100 Uns
Price:
0
R$ 9,99
R$ 16,99
-41%
Água De Coco Verde Vitcoco 200 Ml
Price:
0
R$ 2,99
R$ 4,99
-40%
Biscoito Recheado Duplo Chocolate Bauducco 140 G
Price:
0
R$ 2,99
R$ 4,99
-40%
Hambúrguer De Berinjela Com Linhaça Mr Veggy 400 G
Price:
0
R$ 16,99
R$ 27,99
-39%
Bolinho De Grão De Bico Falafel Mr Veggy
Price:
0
R$ 16,99
R$ 27,99
-39%
Bebida Láctea Coco Com Batata Doce Yopro 250ml
Price:
0
R$ 7,99
R$ 12,99
-38%
Crepe Congelado De Nutella Èze 240g
Price:
0
R$ 11,99
R$ 18,99
-37%
Crepe Congelado De Peito De Peru Com Catupiry Èze 240g
Price:
0
R$ 11,99
R$ 18,99
-37%
Crepe Congelado Calabresa Com Catupiry Èze 240g
Price:
0
R$ 11,99
R$ 18,99
-37%
Crepe Congelado De Doce De Leite Èze 240g
Price:
0
R$ 11,99
R$ 18,99
-37%
Iogurte Integral Com Açúcar Atilatte 500 G
Price:
0
R$ 8,99
R$ 13,99
-36%
Azeitona Verde Com Caroço Em Conserva Oba Bem Querer 250g
Price:
0
R$ 12,99
R$ 19,99
-35%
Fondue De Queijo Holandês Old Dutch Oba Bem Querer 400 G
Price:
0
R$ 32,99
R$ 49,99
-34%
Fondue De Queijo Maasdam Oba Bem Querer 400 G
Price:
0
R$ 32,99
R$ 49,99
-34%
SEM LACTOSE
Iogurte Grego Oba Bem Querer Natural Sem Lactose 130g
Price:
0
R$ 7,99
R$ 11,99
-33%
SEM LACTOSE
Iogurte Grego Oba Bem Querer Morango Sem Lactose 130g
Price:
0
R$ 7,99
R$ 11,99
-33%
Folha Alumínio Wyda 7,5 M X 45 Cm
Price:
0
R$ 9,99
R$ 14,99
-33%
Massa De Pizza Brotão Redonda C/ 5 Cia Das Massas  300g
Price:
0
R$ 9,99
R$ 14,99
-33%
Massa De Pizza Media Romavisanto Cia Das Massas 300g
Price:
0
R$ 9,99
R$ 14,99
-33%
Sacos Herméticos Zip Wyda 15 Uns
Price:
0
R$ 11,99
R$ 17,99
-33%
Kibe De Batata Com Catupiry Trevisan 400 G
Price:
0
R$ 19,99
R$ 29,99
-33%
Esfiha Chocolate Com 4 Unidades Dozza 200g
Price:
0
R$ 19,99
R$ 29,99
-33%
Mini Coxinha De Frango Com Requeijão Croissant & Cia 400 G
Price:
0
R$ 16,99
R$ 24,99
-32%
Massa Fillo Congelada Arosa 300g
Price:
0
R$ 12,99
R$ 18,99
-32%
Couve Flor Congelado Daucy 300g
Price:
0
R$ 5,49
R$ 7,99
-31%
Bebida Láctea Chocolate Edge Yopro 250ml
Price:
0
R$ 7,99
R$ 11,49
-30%
Leite De Coco Light Oba Bem Querer 200 Ml
Price:
0
R$ 4,99
R$ 6,99
-29%
SEM AÇÚCAR
Tonica Sugar Free St. Pierre 270 Ml
Price:
0
R$ 4,99
R$ 6,99
-29%
SEM AÇÚCAR
Tonica Sugar Free St. Pierre 275 Ml
Price:
0
R$ 4,99
R$ 6,99
-29%
Sardinha Com Óleo Nautique 125 G
Price:
0
R$ 4,99
R$ 6,99
-29%
Tonica St. Pierre 275 Ml
Price:
0
R$ 4,99
R$ 6,99
-29%
Água Mineral Sem Gás Sferrie 1,5 L
Price:
0
R$ 4,99
R$ 6,99
-29%
Tonica St. Pierre 270 Ml
Price:
0
R$ 4,99
R$ 6,99
-29%
SEM AÇÚCAR
Bombom Sensah Flormel 30 G
Price:
0
R$ 4,99
R$ 6,99
-29%
Ovo Branco Jumbo Katayama Polpa Com 10 Unidades
Price:
0
R$ 9,99
R$ 13,99
-29%
Queijo Tipo Gouda Pj Pedaço Kg
Price:
0
R$ 139,90/kg
R$ 99,90/kg
R$ 19,98 un
-29%
1 un / Aprox. 200g
Queijo Gruyere Pj Pedaço Kg
Price:
0
R$ 139,90/kg
R$ 99,90/kg
R$ 19,98 un
-29%
1 un / Aprox. 200g
Queijo Gouda Pedaço Fracionado Pj
Price:
0
R$ 139,90/kg
R$ 99,90/kg
R$ 19,98 un
-29%
1 un / Aprox. 200g
Queijo Esférico Pedaço Fracionado Pj
Price:
0
R$ 139,90/kg
R$ 99,90/kg
R$ 19,98 un
-29%
1 un / Aprox. 200g
Queijo Tipo Estepe Pj Fatiado Kg
Price:
0
R$ 139,90/kg
R$ 99,90/kg
R$ 19,98 un
-29%
1 un / Aprox. 200g
Queijo Tipo Estepe Pj Pedaço Kg
Price:
0
R$ 139,90/kg
R$ 99,90/kg
R$ 19,98 un
-29%
1 un / Aprox. 200g
Vinho Argentino Nicolás Zapata Tinto 750 Ml
Price:
0
R$ 999,00
R$ 1.399,00
-29%
Queijo Prato Esférico Pj Fatiado Kg
Price:
0
R$ 139,90/kg
R$ 99,90/kg
R$ 19,98 un
-29%
1 un / Aprox. 200g
Queijo Prato Esférico Pj Pedaço Kg
Price:
0
R$ 139,90/kg
R$ 99,90/kg
R$ 19,98 un
-29%
1 un / Aprox. 200g
Queijo Tipo Burrata De Búfala Bom Destino 200 G
Price:
0
R$ 19,99
R$ 27,99
-29%
Batata Airfryer Hashtag Mccain 450g
Price:
0
R$ 19,99
R$ 27,99
-29%
Batata Airfryer Dip Mccain 450g
Price:
0
R$ 19,99
R$ 27,99
-29%
Salame Milano Fatiado Rar 80g
Price:
0
R$ 24,99
R$ 34,99
-29%
Xarope Monin Experience Avelã 330 Ml
Price:
0
R$ 24,99
R$ 34,99
-29%
Açai Com Pitaya Frooty 700ml
Price:
0
R$ 24,99
R$ 34,99
-29%
Saco Para Lixo Zero Plástico Pia E Banheiro Embalixo Com 30 Unidades
Price:
0
R$ 49,99
R$ 69,99
-29%
Mistura Japonesa Congelada Daucy 300 G
Price:
0
R$ 7,99
R$ 10,99
-27%
Mistura Chinesa Daucy 300 G
Price:
0
R$ 7,99
R$ 10,99
-27%
Barra Proteica De Chocolate E Avelã Protein Bar Dux Nutrition 60 G
Price:
0
R$ 10,99
R$ 14,99
-27%
Outros produtos para você
Ver tudo
Mamão Papaia Oba Bem Querer
Price:
0
R$ 14,99/kg
R$ 7,19 un
1 un / Aprox. 480g
Tomate Grape Oba Bem Querer 100g
Price:
0
R$ 29,90/kg
R$ 2,99 un
1 un / Aprox. 100g
Mini Tangerina Importada Oba Bem Querer
Price:
0
R$ 18,99/kg
R$ 1,13 un
1 un / Aprox. 60g
Ovo Vermelho Caipira Oba Bem Querer Com 20 Unidades
Price:
0
R$ 28,99
Mamão Formosa Oba Bem Querer
Price:
0
R$ 14,99/kg
R$ 32,97 un
1 un /  2.2kg
Filé Mignon Bovino Peça A Vácuo
Price:
0
R$ 89,90/kg
R$ 215,76 un
1 un /  2.4kg
Vagem Oba Bem Querer 300g
Price:
0
R$ 12,99
Limao Tahiti Oba Bem Querer 1kg
Price:
0
R$ 15,99
Abobora Cabotia Em Cubos Oba Bem Querer 500g
Price:
0
R$ 10,99
Pão Croissant Oba Bem Querer 300g
Price:
0
R$ 18,99
Suco De Laranja Sem Casca Oba Bem Querer 1l
Price:
0
R$ 21,99
Ovo Vermelho Caipira Oba Bem Querer Com 10 Unidades
Price:
0
R$ 15,99
Maçã Oba Bem Querer Vitaminics 1 Kg
Price:
0
R$ 16,99
APROVEITE
Queijo Minas Oba Bem Querer Padrão Kg
Price:
0
R$ 89,90/kg
R$ 40,45 un
1 un / Aprox. 450g
Queijo Muçarela Oba Bem Querer Fatiado 250g
Price:
0
R$ 24,99
APROVEITE
Presunto Finissimo Oba Bem Querer Kg
Price:
0
R$ 89,90/kg
R$ 69,90/kg
R$ 13,98 un
-22%
1 un / Aprox. 200g
Frescor da Semana
Quiabo Oba Bem Querer 300 G
Price:
0
R$ 12,99
Hambúrguer De Picanha Oba Bem Querer 210 G
Price:
0
R$ 8,99
File De Tilapia Congelado Oba Bem Querer 400g
Price:
0
R$ 34,99
Mamão Formosa Em Pedaços Oba Bem Querer
Price:
0
R$ 19,99/kg
R$ 5,99 un
1 un / Aprox. 300g
Uva Vermelha Sem Semente Candy Snaps 500 Gr
Price:
0
R$ 16,99
Pão De Queijo Gourmet Oba Bem Querer 400g
Price:
0
R$ 22,99
APROVEITE
Suco De Laranja Oba Bem Querer Sem Casca 1.7l
Price:
0
R$ 29,99
R$ 34,99
-14%
Rúcula Hidropônica Oba Bem Querer Unidade
Price:
0
R$ 7,99
Frescor da Semana
Água De Coco Oba Bem Querer 1l
Price:
0
R$ 19,99
R$ 24,99
-20%
Palmito Pupunha Oba Bem Querer Tolete Em Conserva 300g
Price:
0
R$ 26,99
Pão De Forma Integral Fermentação Natural Oba Bem Querer 500 G
Price:
0
R$ 11,99
Espinafre Hidropônico Higienizado Oba Bem Querer 140 G
Price:
0
R$ 14,99
APROVEITE
Peito De Peru Cozzido E Defumado Finissimo Oba Bem Querer Kg
Price:
0
R$ 139,90/kg
R$ 99,90/kg
R$ 19,98 un
-29%
1 un / Aprox. 200g
APROVEITE
Queijo Mozzarella Oba Bem Querer Bufala 160g
Price:
0
R$ 16,99
R$ 19,99
-15%
Queijo Minas Frescal Oba Bem Querer 475 G
Price:
0
R$ 26,99
R$ 29,99
-10%
Queijo Muçarela Oba Bem Querer Fatiado 500g
Price:
0
R$ 49,99
Bisnaguinha Fermentação Natural Oba Bem Querer 300 G
Price:
0
R$ 8,99
R$ 9,99
-10%
Azeite Extravirgem Mediterrâneo Oba Bem Querer 500ml
Price:
0
R$ 59,99
Água De Coco Oba Bem Querer 500 Ml
Price:
0
R$ 12,99
Polpa De Maracujá Oba Bem Querer 500 Ml
Price:
0
R$ 29,99
Rucula Baby Higienizada Oba Bem Querer 160 G
Price:
0
R$ 14,99
Laranja Lima Oba Bem Querer Pacote 1,5 Kg
Price:
0
R$ 14,99
Goma Pronta Para Tapioca Oba Bem Querer 500 G
Price:
0
R$ 8,99
APROVEITE
Queijo Minas Padrão Light Oba Bem Querer Kg
Price:
0
R$ 89,90/kg
R$ 35,96 un
1 un / Aprox. 400g
Frescor da Semana
Milho Doce Pré Cozido Oba Bem Querer 450g
Price:
0
R$ 14,99
R$ 16,99
-12%
Queijo Minas Frescal A2 Oba Bem Querer 475 G
Price:
0
R$ 26,99
R$ 29,99
-10%
Ervilha Torta Oba Bem Querer 300 G
Price:
0
R$ 14,99
Castanha De Caju Torrada Oba Bem Querer 250 G
Price:
0
R$ 49,99
Hambúrguer De Costela Oba Bem Querer 210 G
Price:
0
R$ 8,99
Mix Tropical Higienizado Oba Bem Querer 160g
Price:
0
R$ 12,99
Pizza Calabresa Oba Bem Querer 600 G
Price:
0
R$ 22,99
R$ 37,99
-39%
Jiló Oba Bem Querer 300 G
Price:
0
R$ 8,99
Rúcula Hidropônica Higienizada Oba Bem Querer 140 G
Price:
0
R$ 12,99
Salame Italiano Finissimo Oba Bem Querer Kg
Price:
0
R$ 199,90/kg
R$ 19,99 un
1 un / Aprox. 100g
Ovo De Codorna Oba Bem Querer Com 30 Unidades
Price:
0
R$ 9,99
Queijo Prato Fatiado Oba Bem Querer 250 G
Price:
0
R$ 29,99
Tomate Pelado Oba Bem Querer 400 G
Price:
0
R$ 9,99
Mussarela Finissimo Oba Bem Querer Kg
Price:
0
R$ 119,90/kg
R$ 35,97 un
1 un / Aprox. 300g
Tomate Cereja Pomodorini Oba Bem Querer 400g
Price:
0
R$ 12,99
Manteiga Com Sal Oba Bem Querer 200 G
Price:
0
R$ 17,99
Batata Palha Extrafina Oba Bem Querer 100 G
Price:
0
R$ 9,99
Pão De Queijo Tradicional Oba Bem Querer 400 G
Price:
0
R$ 18,99
Suco De Uva Oba Bem Querer Tinto Integral 1l
Price:
0
R$ 24,99
Uva Passa Preta Sem Semente Oba Bem Querer 250 G
Price:
0
R$ 14,99